3508 5068
604 421 646 475 De
663 419 804 489 extispicio
822 420 914 490 capita
930 420 986 475 tria

203 655 204 660 ,
285 589 400 676 δοχή·
424 599 599 676 σημεῖον
621 584 663 652 ἐν
684 591 844 674 θυτικῇ.

284 690 452 775 δεσμόν·
574 701 749 777 σημεῖον
769 691 883 775 παρὰ
903 702 995 768 τοῖς
1011 693 1175 770 βύταις.

286 793 484 879 όίοπτρα·
506 793 720 877 γεωμετρικὸν
735 792 869 879 ὄργανον
883 794 937 858 καὶ
961 805 1133 880 σημεῖον
1154 794 1195 861 ἐν
1215 799 1376 880 ἀυτικῇ.

284 896 548 983 όιόσκουροι·
574 943 631 958 ...
654 896 710 960 καὶ
732 906 905 983 σημεῖον
927 891 967 960 ἐν
987 898 1148 982 θυτικῇ.

285 999 431 1085 διψάς·
456 995 531 1083 ἔχις,
553 997 643 1082 όόρα.
673 998 729 1062 καί
751 1009 882 1086 σημεῖον
904 993 935 1062 ἐν
956 1001 1073 1084 θυτικῇ
1096 995 1152 1063 ίπὶ
1173 1011 1231 1065 τοῦ
1243 1001 1377 1088 ἥπατος.

284 1097 421 1188 ἒμμύη·
444 1101 549 1185 γόμου
572 1099 748 1186 ἀπογραφὴ
769 1100 824 1164 καί
846 1111 1021 1187 σημεῖον
1042 1097 1081 1179 ἐν
1102 1093 1266 1192 ἀυτικῇ.

285 1204 410 1270 δόλου
427 1202 633 1289 τράπεζα·
654 1202 714 1268 ίπὶ
734 1214 791 1268 τοῦ
812 1203 935 1290 ἥπατος
957 1214 1088 1291 σημεῖον
1109 1201 1144 1269 ἐν
1164 1208 1307 1291 &mamis

284 1301 479 1381 ἒπίθεος·
503 1316 680 1392 σημεῖον
701 1305 743 1371 ἐν
763 1308 924 1391 θυτικῇ.
1243 1336 1248 1345 ·

259 1408 400 1485 ’θεός
423 1418 554 1495 σημεῖον
578 1457 585 1470 .
606 1456 638 1471 ..

157 1553 162 1560 ·
283 1507 494 1594 ἐπιλοβίς·
517 1515 615 1597 μέρος
635 1521 692 1575 τοῦ
712 1510 843 1596 ἥπατος.

283 1611 425 1691 ἑστίας
446 1625 597 1700 χῶρος·
631 1619 847 1696 μέροςτοῦ
875 1614 1036 1700 ἥπατος
1066 1610 1105 1678 ἐν
1126 1619 1291 1700 ἀυτικῇ.

282 1728 434 1782 κανεῖν·
455 1720 594 1793 κτείνειν,
618 1714 745 1799 ἀνελεῖν,
768 1715 847 1780 ὅθεν
867 1717 904 1781 τὸ
919 1728 1070 1781 κανοῦν
1091 1715 1173 1780 ἀπὸ
1194 1729 1272 1782 τῶν
1293 1741 1375 1782 και-

400 1816 781 1905 νομένωνὶερείιον.

282 1921 481 2006 κωλυτής·
505 1919 677 2007 σημεῖόν
697 1943 737 1983 τι
759 1914 798 1984 ἒν
818 1923 980 2005 θυτικῇ.

282 2021 489 2104 ποταμός·
514 2069 571 2083 ...
595 2019 667 2086 ἐπί
688 2032 759 2086 τοῦ
780 2021 940 2107 ἥπατος
962 2035 1144 2110 σημεῖον.

282 2127 430 2209 τάφος·
454 2135 636 2211 σημεῖον.
649 2125 674 2209 1)

282 2227 419 2311 λοβοί·
441 2226 481 2290 τὰ
503 2226 586 2312 ἀκρα
607 2228 714 2290 πάντα
738 2275 743 2288 .
763 2274 794 2288 ..
825 2227 881 2290 καὶ
903 2238 1078 2313 σημεῖον
1100 2226 1141 2293 ἐν
1160 2239 1214 2313 τῷ
1236 2229 1374 2315 ἥπατι.

282 2365 501 2447 TheophiL
524 2365 718 2448 Protosp.
741 2367 783 2432 de
805 2365 932 2432 fabrica
954 2366 1146 2449 hum-corp.
1169 2366 1205 2432 II
1221 2369 1261 2434 13
1276 2369 1318 2450 (p.
1333 2369 1374 2434 81
1476 2412 1481 2421 x

195 2470 246 2533 ed.
263 2467 469 2554 Greenhill.):
498 2464 732 2532 Ἐνόἑδυται
762 2465 805 2531 δὲ
833 2466 876 2531 τὸ
898 2463 1008 2554 ἧπαρ
1028 2468 1101 2544 τὰς
1122 2467 1194 2549 μὲν
1216 2469 1376 2554 φλέβας
1491 2470 1501 2527 ί

195 2568 251 2648 καί
264 2568 322 2644 τὰς
337 2568 488 2656 ἀρτηρίας
503 2568 628 2633 ἄνωθέν
637 2569 737 2633 τεκαὶ
748 2570 907 2642 κάτωθεν,
919 2566 1044 2647 ἔξωθεν
1059 2569 1094 2634 δὲ
1111 2569 1148 2633 τὸ
1162 2570 1375 2653 περιτόναιον,

196 2670 529 2753 σχιζόμενονέἰς
550 2671 705 2754 λοβοὺς
725 2675 941 2755 τέσσαρας.
964 2674 1019 2734 καί
1032 2694 1081 2748 τις
1100 2670 1177 2757 ἀνὴρ
1191 2683 1256 2735 τῶν
1270 2675 1376 2760 μαθη-

195 2785 338 2856 ματικιῖιν
375 2773 493 2862 ἰατρῶν
528 2785 621 2850 τοῖς
656 2773 802 2857 λοβοῖς
839 2771 1024 2854 ὀνόματα
1060 2774 1376 2862 προσηγόρευσε

195 2888 337 2956 ναῦται
359 2875 564 2961 τράπεζα,
587 2875 726 2948 ἑστία,Ι
744 2878 949 2964 μάχαιρα,
972 2876 1041 2940 καί
1061 2876 1267 2964 ἡνίοχοςβ)

282 3013 540 3080 SuidaSS.v.:
562 3011 1103 3098 Ἧπαρκαὶηπατοσκοπία,
1125 3012 1376 3098 ἡτῶνέγκάτιον

196 3113 336 3196 ἀνατομὴ
370 3113 413 3178 δι’
442 3110 487 3178 ὧν
508 3116 704 3201 προεμήνυον
735 3115 775 3180 τὰ
808 3115 1044 3203 συμβησόμενα.
1068 3115 1292 3198 ἀνατέμνοντες
1313 3117 1374 3203 γὰρ

198 3218 314 3304 σημεῖά
334 3241 404 3284 τινα
427 3215 589 3303 ἐθεώρουν
611 3215 644 3282 ἐν
663 3229 733 3294 τοῖς
754 3215 909 3332 ἕμκάτοης.

770 3544 798 3607 Β

298 3696 575 3763 TESTIMONIA
598 3656 730 3762 RITUS
753 3694 944 3762 ETRUSOI
967 3693 1068 3761 SIVE
1095 3695 1270 3762 ROMANI

279 3865 365 3933 Liv.
388 3867 489 3948 Π42,
513 3867 570 3932 10:
598 3866 730 3932 Vates
763 3867 927 3932 canebant
948 3863 1122 3947 publice
1144 3865 1372 3946 privatim-

193 3986 287 4052 que,
310 3986 419 4034 nunc
441 3968 554 4034 extis
576 3987 683 4035 nunc
705 3987 778 4050 per
804 3987 904 4035 aves
925 3969 1129 4034 consulti

1327 4091 1338 4120 s*

267 4137 302 4208 ¹²)
319 4137 533 4192 Photiuslex.
547 4154 572 4205 p.
591 4138 650 4206 571,
668 4137 716 4192 24:
733 4135 840 4206 τάφος
858 4178 864 4191 .
880 4180 905 4192 ..
924 4139 968 4188 καὶ
985 4134 1025 4189 τὸ
1042 4135 1135 4206 παρὰ
1152 4149 1225 4191 τοτε
1242 4135 1372 4190 &itate

194 4242 232 4288 οη
238 4236 347 4290 μιτον.

279 4308 300 4379 ²)
317 4309 445 4364 Fortasse
462 4309 498 4364 ad
520 4306 631 4374 ἡνίοχον
648 4308 783 4364 referatur
801 4309 871 4377 quod
889 4308 961 4377 apud
978 4308 1146 4377 Hesychium
1169 4307 1286 4378 legimus
1305 4324 1325 4362 ε.
1346 4307 1371 4361 'v.

193 4395 272 4464 ῥυτάι
290 4392 350 4462 ίιρά
367 4392 402 4446 τὰ
419 4391 609 4458 ἡπατόσκοιιιι,
625 4391 688 4459 ἢτὰ
706 4390 825 4463 ίλκυοτό,
844 4395 903 4449 coll.
921 4409 947 4449 v.
965 4391 1061 4465 ῥυτῆρι
1079 4392 1165 4459 ἡνίαν.
