3506 5226
350 418 413 483 242
803 417 938 486 Georgius
954 417 1069 472 Blecher
1473 422 1527 508 [72

349 587 513 654 Diodorus
524 585 618 653 nobis
629 586 736 652 tradit
747 586 772 671 1)
787 587 845 652 Ae
853 588 1099 670 gyptiorum
1110 607 1222 671 regem
1239 594 1318 656 exta
1333 590 1525 673 inspexisse.

348 690 389 756 In
411 689 545 772 Cypro
575 688 683 754 insula
712 690 884 754 αοιτλοολναα
910 689 989 769 μοστ
1016 689 1185 755 habebatur
1205 691 1373 758 Medorum
1393 693 1526 780 aerest)

350 793 415 859 Sed
455 811 519 858 non
555 791 590 857 in
634 790 772 858 orientis
815 792 919 857 solum
963 791 1154 874 regionibus
1205 796 1423 862 exercebatur
1466 798 1526 865 hoc

350 895 521 962 divinandi
550 912 662 977 genus.
706 893 746 958 In
772 893 907 975 Europa
935 899 1069 976 praeter
1098 895 1240 962 Graecos
1250 896 1276 982 ⁸)
1298 897 1526 982 Romanosque

348 997 435 1064 aliae
474 997 626 1064 nationes
664 1001 813 1063 extorum
850 997 1032 1063 utebantur
1075 997 1244 1080 prodigiis.
1311 1001 1362 1066 De
1399 1001 1526 1069 Lusi-

348 1106 542 1166 tanorum
564 1098 738 1181 extispicio
760 1099 879 1165 Strabo
902 1102 1112 1182 geographus
1133 1103 1266 1168 rettulit
1288 1103 1340 1169 his
1359 1105 1525 1190 verbis⁴):

347 1201 477 1265 θυτικολ
499 1199 534 1264 δὲ
550 1198 631 1266 εἰσὶν
648 1203 895 1280 Λυσιτανοί,
917 1202 1006 1265 τότε
1028 1202 1193 1286 σπλάγχνα
1216 1203 1447 1287 ἐπιβλέπουσιν
1470 1206 1525 1272 οὐκ

348 1301 553 1388 ἐκτάμνοντες,
574 1301 876 1388 προσεπιβλέπουσι
904 1302 1020 1368 δὲκαὶ
1048 1305 1106 1381 τὰς
1135 1305 1169 1370 ἐν
1189 1318 1226 1392 τῇ
1255 1307 1379 1394 πλευρᾷ
1402 1308 1526 1395 φλέβας

347 1405 402 1470 καλ
423 1405 636 1490 ψῃλαφῶντες
658 1403 693 1470 δὲ
713 1409 941 1490 τεκμαίρονται.
965 1406 1234 1492 σπλαγχνεύονται
1263 1408 1299 1474 δὲ
1325 1411 1379 1475 καὶ
1401 1408 1444 1475 δι’
1474 1411 1525 1476 ἀν-

347 1509 493 1593 θρώπων
522 1507 730 1590 αἰχμαλώτων
759 1507 972 1585 καλύπτοντες
998 1511 1123 1594 σάγους·
1158 1505 1224 1575 εἶθ’
1247 1511 1322 1576 ὅταν
1349 1512 1455 1600 πληγῇ
1485 1516 1525 1579 τὰ

347 1609 515 1693 σπλάγχνα
541 1606 605 1675 ὕπὸ
626 1620 683 1674 τοῦ
705 1609 896 1695 ἱεροσκόπον
918 1614 1124 1693 μαντεύονται
1147 1624 1274 1697 πρῶτον
1295 1612 1331 1678 ἐκ
1352 1625 1409 1678 τοῦ
1437 1627 1524 1679 πτῶ-

347 1734 454 1795 μαιος.
498 1713 640 1780 Diodoro
671 1713 795 1799 testel)
826 1713 1046 1782 Gallorum
1083 1716 1265 1783 druidae
1294 1715 1349 1780 διὰ
1378 1727 1432 1803 τῆς
1460 1731 1524 1783 τῶν

347 1814 467 1900 ἱερείων
488 1817 610 1891 θυσίας
638 1814 678 1878 τὰ
706 1814 862 1896 μέλλοντα
889 1815 1093 1903 προλέγουσι.
1138 1819 1231 1902 Quae
1259 1819 1331 1886 iure
1360 1823 1402 1887 ad
1439 1823 1523 1888 exti-

346 1917 483 2000 spicium
510 1917 684 1984 referenda
713 1937 784 1984 esse
814 1919 925 1985 Taciti
936 1919 961 2006 ⁰)
994 1923 1135 2002 probant
1172 1925 1277 1990 verba
1307 1925 1347 1990 de
1386 1924 1524 1991 Celtis

346 2020 621 2087 Britannicis
644 2021 750 2086 facta:
778 2021 937 2086 domiuum
965 2023 1055 2104 fibros
1084 2026 1242 2090 consulere
1263 2025 1334 2090 deos
1360 2027 1415 2108 fas
1436 2027 1522 2091 dobe-

346 2124 428 2190 daat.
473 2123 624 2204 Denique
647 2124 764 2190 Strabo
794 2143 852 2190 nos
874 2126 1006 2208 docetl)
1036 2127 1268 2194 Germanos
1292 2148 1417 2211 quoque
1440 2131 1523 2196 exti-

348 2225 485 2307 spicium
516 2244 700 2308 usurpasse.
751 2227 870 2294 Tradit
908 2228 993 2294 enim
1027 2230 1067 2294 de
1097 2229 1357 2296 Cimbrorum
1394 2231 1524 2299 feminis

346 2327 607 2395 vaticinantibus
635 2330 731 2394 haec:
768 2327 863 2392 ἄλλαι
892 2327 928 2392 δὲ
951 2326 1158 2410 διασχίσασαι
1187 2325 1421 2414 ἒσπλάγχνεοον
1446 2331 1521 2396 ἀνα-

346 2429 570 2516 φθεγγόμεναι
592 2433 677 2518 νίκην
697 2439 766 2506 τοῖς
788 2426 959 2516 οἰκείοιςβ)

431 2533 496 2602 Sed
528 2551 629 2616 usque
660 2536 703 2599 ad
732 2539 878 2601 nostram
915 2541 1060 2602 aetatem
1090 2537 1266 2603 adhibetur
1296 2540 1445 2603 extorum
1473 2539 1523 2604 in·

346 2637 477 2718 spectio.
522 2637 756 2704 Germanorum
771 2639 953 2720 exemplum
967 2639 1108 2720 protulit
1130 2639 1353 2706 Wuttkius
1376 2640 1411 2705 ln
1429 2639 1523 2724 libro,

346 2738 403 2820 qui
423 2738 617 2806 inscribitur
645 2737 817 2804 Deutaclrer
837 2740 1118 2824 Volksoberplaude.
1162 2742 1320 2826 Legimus
1343 2741 1439 2829 §272
1455 2744 1522 2810 edi·

345 2841 445 2908 tionis
467 2840 589 2906 tertiae
604 2842 702 2907 haec:
730 2841 830 2910 Wena
852 2842 900 2906 die
915 2842 998 2906 Mile
1020 2844 1102 2906 ciues
1113 2844 1351 2926 pesclllocletetea
1368 2845 1522 2910 Scbweem

346 2943 542 3025 ermpeetappt
552 2945 601 3027 ist,
613 2963 647 3008 eo
658 2943 738 3008 wird
749 2943 821 3008 bold
826 2943 959 3022 jemand
969 2946 1013 3008 im
1024 2943 1134 3010 Ηαιιυι
1148 2947 1264 3012 sterben
1277 2948 1458 3034 (Alimorlc).
1481 2948 1522 3013 In

346 3045 405 3110 Fr.
420 3044 451 3110 S.
474 3044 675 3112 Kraussii
697 3045 782 3112 libro
803 3045 1025 3113 illustrissimo
1054 3046 1259 3131 Volkspioube
1274 3051 1330 3114 der
1351 3051 1523 3116 sabucea

346 3148 407 3214 hoc
428 3145 588 3230 scriptum
617 3148 819 3232 videmus⁹):
852 3147 916 3212 Beo'
941 3149 999 3214 deu
1024 3150 1245 3234 Alaptaubipeo
1276 3152 1414 3239 (Sardoa)
1444 3153 1523 3218 wird

344 3251 389 3314 o‘m
410 3251 613 3332 ullpameiuea
636 3250 694 3314 dae
717 3249 861 3332 Seleucia,
884 3251 1006 3316 welches
1035 3254 1084 3317 als
1105 3253 1287 3319 Festbralen
1315 3256 1425 3320 duaco
1454 3257 1521 3338 soll,

433 3456 452 3523 ¹)
471 3457 486 3509 Ι
504 3455 545 3524 70,
563 3456 588 3523 9,
613 3455 685 3523 173,
704 3455 792 3511 1129.

433 3540 454 3610 ²)
471 3540 535 3594 Tac.
554 3540 617 3594 hist.
635 3540 666 3593 H
681 3540 699 3592 3
705 3561 712 3609 ;
731 3540 764 3596 of.
783 3541 863 3596 Paus.
882 3542 923 3598 VI
940 3543 964 3612 2,
982 3543 1012 3611 4;
1032 3542 1133 3597 Tatiae
1150 3543 1185 3596 ad
1203 3543 1296 3598 Graec.
1315 3559 1340 3610 p.
1359 3544 1376 3596 3
1394 3543 1477 3600 Onon.

432 3625 454 3694 ³)
471 3626 495 3679 u
514 3625 598 3679 uariis
616 3625 745 3680 Graeciae
762 3626 917 3695 regionibus
936 3633 1130 3683 enumerantur
1147 3626 1292 3695 extispices
1309 3629 1409 3683 Herod.
1428 3630 1468 3684 IX
1479 3631 1522 3699 37,

346 3711 386 3764 IX
403 3710 445 3779 38,
464 3711 504 3763 IX
522 3711 568 3778 953
593 3711 660 3764 lien.
682 3711 766 3766 Anab.
785 3713 826 3767 VI
843 3713 867 3780 4,
887 3713 927 3781 13,
951 3713 1008 3768 VH
1025 3712 1049 3779 8,
1069 3712 1115 3780 10;
1142 3712 1216 3767 Plut.
1235 3712 1302 3770 Cim.
1322 3713 1368 3782 183
1393 3715 1521 3772 Philostr.

345 3795 403 3851 Vit.
420 3795 497 3862 Apol.
519 3795 590 3850 VIII
607 3796 631 3862 7,
650 3795 690 3850 15.
907 3796 929 3866 ⁴)
948 3798 1033 3867 1113,
1051 3797 1075 3854 6.

432 3879 454 3950 ⁵)
475 3879 555 3935 V31.
711 3883 732 3953 ⁶)
750 3883 820 3937 Anu.
839 3883 906 3939 XIV
923 3882 964 3936 30.
1121 3884 1141 3954 ⁷)
1159 3884 1215 3939 VII
1232 3885 1256 3952 2,
1274 3886 1298 3940 3.

432 3966 453 4036 ⁸)
471 3967 510 4022 Ut
527 3966 743 4022 testimoniorum
760 3984 901 4023 numemm
921 3984 1078 4038 augeamus,
1101 3971 1185 4026 licem
1202 3971 1251 4025 hoo
1269 3972 1410 4027 Iomandis
1428 3974 1459 4040 (o.
1478 3972 1521 4041 37)

304 4103 308 4112 .
345 4052 490 4108 adnotare:
508 4052 599 4109 Attila
620 4053 746 4110 diffidens
763 4054 820 4109 suis
841 4053 931 4123 copiis,
956 4059 1079 4110 metuens
1096 4055 1166 4110 inire
1184 4055 1338 4112 conflictum
1356 4058 1457 4113 statuit
1474 4073 1522 4126 per

345 4137 482 4207 aruspices
499 4139 595 4194 future
611 4139 748 4208 inquirere
766 4139 814 4208 qui
830 4155 903 4194 more
921 4140 1001 4195 solito
1018 4156 1090 4195 nunc
1106 4157 1233 4210 pecorum
1245 4142 1335 4210 fibras,
1353 4159 1425 4198 nuno
1443 4159 1522 4211 quas·

345 4225 407 4280 dam
425 4224 555 4280 venusin
573 4225 676 4279 abrasis
694 4224 799 4279 ossibus
816 4225 956 4281 intuentes
974 4225 1082 4280 Hunnis
1106 4227 1230 4282 infausta
1253 4228 1425 4284 denuntiant.
1461 4227 1520 4284 Non

344 4309 423 4363 facile
440 4309 590 4364 errabimus
607 4310 675 4364 illud
689 4325 821 4378 pecorum
838 4310 923 4378 fibros
940 4311 1089 4367 referentes
1106 4313 1140 4366 ed
1157 4312 1338 4381 extispicium.

432 4395 453 4462 ⁹)
471 4411 496 4462 p.
517 4395 567 4449 170
584 4396 613 4448 in
630 4395 691 4450 fine.
