3508 5068
227 381 259 471 7η
628 383 668 436 De
686 381 827 451 extispicio
845 381 937 450 capita
953 380 1010 436 tria
1343 384 1405 448 177

313 554 410 620 Xen.
439 553 546 619 Anab.
576 553 625 619 VI
646 555 676 635 4,
700 554 756 618 19:
793 549 935 636 Ἔπὶδλ
961 551 1002 616 τὰ
1031 549 1196 636 ἐπιτήδεια
1224 551 1344 638 ἀνάγκη
1371 545 1408 636 ἧν

227 655 354 735 ἐξιέναι.
384 654 439 719 καὶ
461 653 532 719 ἐπὶ
561 658 690 739 τούτῳ
713 652 843 718 πάλιν
864 652 1013 718 ἐθύετο
1036 650 1097 729 εἰς
1117 657 1224 740 τρίς,
1243 653 1313 718 καὶ
1336 653 1407 718 οὐκ

228 753 417 842 ἐχίχνετο
446 756 493 820 τὰ
523 753 687 841 ἱερὰ...
712 753 729 820 δ
752 754 795 819 δὲ
817 755 1025 842 (Ξενοφῶν)
1049 755 1118 820 ούκ
1147 756 1194 820 ἂν
1218 754 1296 842 ἔφη
1318 753 1406 834 ἐξα-

227 871 368 944 χαχεῖν
389 859 440 945 μὴ
461 862 718 944 χιχνομένων
739 869 816 921 τῶν
838 857 969 944 ἱερῶν.

310 1015 409 1081 Xen.
432 1015 539 1080 Anah.
562 1014 610 1080 VI
631 1015 661 1096 5,
683 1015 719 1080 2:
751 1012 828 1100 Πρῲ
852 1011 1021 1089 δ’άναστὰς
1041 1022 1236 1100 Ξενοφῶν
1258 1007 1406 1077 έθύετο

227 1112 288 1178 ἐπ’
322 1114 453 1201 ἐξόδῳ
492 1116 561 1180 καὶ
596 1118 789 1199 χίχνεται
824 1114 872 1179 τὰ
911 1113 1003 1202 ἱερὰ
1039 1113 1111 1180 δπλ
1141 1126 1210 1180 τοῦ
1242 1119 1406 1201 πρώτου

228 1216 398 1305 ἱερείου.

312 1373 411 1439 Xen.
426 1374 532 1441 Anab.
549 1373 615 1440 VH
630 1373 659 1453 6,
681 1375 738 1438 44:
761 1371 792 1437 ‘0
814 1368 850 1436 δὲ
873 1371 1154 1460 (Ξενοφάνη...
1179 1370 1249 1436 δύο
1272 1371 1408 1457 ἱερεῖα

226 1475 362 1558 λαβὼν
390 1473 540 1540 ἐθύετο
569 1485 621 1559 τῷ
644 1474 718 1538 Διὶ
745 1485 790 1559 τῷ
820 1474 951 1558 βασιλεῖ
969 1475 1128 1560 πότερά
1151 1473 1190 1538 ολ
1211 1474 1317 1559 λῷον
1338 1475 1407 1539 καὶ

226 1575 399 1659 άμεινον
428 1577 493 1664 ε’ίη
522 1581 664 1660 μένειν
693 1577 807 1662 παρὰ
836 1579 989 1662 Σεύθῃ,
1018 1575 1073 1663 ἐφ’
1097 1574 1145 1652 οίς
1166 1579 1291 1663 Σεύθης
1311 1577 1408 1656 λέγει,

223 1675 243 1760 ἢ
263 1678 440 1745 ἀπιέναι
455 1681 593 1763 σύντῷ
610 1682 899 1770 στρατεύματι.
916 1677 1208 1765 άναιρεῑαύτῳ
1223 1678 1405 1743 ἀπιέναι.

311 1833 719 1917 Xen.Anab.V118,10:
742 1827 1407 1917 ὀΞευυφωυ...ἐθύετυ.καὶοασιας

226 1936 429 2013 ὁΉλεῑος
458 1932 778 2022 μάντιςπαρὼν
808 1929 927 1999 εἶπεν
956 1935 1020 2000 ὅτι
1048 1934 1254 2000 κάλλιστα
1274 1933 1338 2021 ε’ίη
1358 1935 1407 1999 τὰ

228 2037 320 2122 ἱερὰ
342 2038 450 2122 αὐτῷ
471 2038 526 2102 καλ
546 2035 563 2102 ὁ
587 2037 684 2124 ἀνὴρ
704 2036 927 2120 ἁλώσιμος.

310 2194 408 2259 Xen.
420 2193 506 2259 Hell.
518 2192 572 2258 III
584 2195 612 2276 l,
625 2195 681 2258 17:
703 2191 794 2256 Ἐπεὶ
818 2191 1061 2278 δὲθυομένῳ
1085 2192 1190 2277 αὐτῷ
1212 2192 1270 2277 (τῷ
1287 2198 1405 2279 Δερκυ-

225 2294 313 2382 λίδᾳ)
347 2295 419 2359 οὐκ
452 2289 641 2378 ἒχίχνετο
671 2293 718 2358 τὰ
748 2294 842 2381 ἱερὰ
870 2306 917 2380 τῇ
949 2300 1099 2381 πρώτῃ,
1133 2306 1177 2380 τῃ
1209 2295 1407 2382 ὑστεραίᾳ

224 2398 355 2462 πάλιν
386 2396 546 2463 ἐθύετο.
579 2397 624 2474 ὡς
657 2395 693 2461 δὲ
729 2396 824 2461 οὐδὲ
853 2409 952 2461 ταῦτα
978 2393 1282 2484 ἐκαλλιερεῖτο,
1307 2397 1407 2462 πάλιν

224 2512 262 2586 τῃ
282 2503 380 2588 τρίτῃ.
408 2501 463 2565 καλ
485 2505 580 2588 μέχρι
601 2503 759 2588 τεττάρων
788 2499 912 2588 ἡμερῶν
941 2501 1102 2586 ἐκαρτέρει
1129 2502 1297 2582 θυόμενος,
1318 2499 1404 2582 μάλα

224 2602 375 2684 χαλεπῶς
390 2611 513 2689 φέρων·
538 2600 674 2668 ἔσπευδε
689 2601 749 2690 χὰρ
765 2602 844 2689 πρὶν
857 2601 1067 2687 Φαρνάβαζον
1081 2604 1242 2688 βοηθῆσαι
1257 2600 1407 2688 έχκρατης

224 2709 376 2788 γενέσθαι
398 2707 506 2792 πάσης
526 2714 581 2790 τῆς
602 2703 766 2781 Αἰολίδος.

309 2861 519 2927 Xen.Hell.
542 2859 703 2944 1113‚4:
734 2856 975 2945 Ἀγησιλάου
1004 2861 1185 2935 θύοντος
1209 2870 1272 2923 τῶν
1299 2881 1405 2942 τεταχ-

1455 2319 1515 2489 δ

1469 2494 1475 2517 Ι

225 2965 328 3044 μένων
350 2962 421 3025 τινὰ
435 2963 564 3025 θυσιῶν
577 2957 658 3047 ύπδρ
673 2970 727 3048 τῆς
741 2961 871 3037 πόλεως
886 2957 1005 3026 εἶπεν
1027 2959 1044 3026 ὁ
1066 2964 1213 3044 μάντις
1235 2961 1298 3026 ὅτι
1320 2961 1404 3027 δπι-
1433 2959 1468 3049 λῃ
1491 2986 1492 2993 ¹

224 3063 377 3150 βουλήν
405 3086 499 3127 τινα
527 3075 604 3128 τῶν
630 3062 884 3129 δεινοτάτων
911 3068 1110 3150 φαίνοιεν
1136 3063 1175 3129 σί
1197 3066 1302 3129 θεοί.
1331 3063 1405 3128 ἐπεὶ
1471 3056 1507 3142 ⁸&

224 3165 260 3231 δὲ
280 3166 411 3231 πάλιν
439 3163 580 3240 ἔθυεν,
610 3164 672 3231 ἔτι
701 3164 922 3253 δεινότερα
954 3164 1029 3253 ἔφη
1058 3166 1107 3230 τὰ
1136 3165 1228 3252 ἱερὰ
1258 3168 1403 3252 φαίνε-

224 3272 337 3334 σθαι.
360 3269 403 3334 τὸ
422 3272 564 3355 τρίτον
585 3268 627 3334 δὲ
642 3272 829 3347 θύοντος,
846 3265 944 3343 εἶπεν,
965 3269 1182 3356 ὮἍχηοίλαε,
1198 3270 1308 3353 ὥσπερ
1328 3265 1358 3333 εδ
1372 3267 1404 3332 ἐν

224 3371 333 3448 αὐτοῖς
353 3371 461 3458 εἴημεν
481 3383 551 3449 τοῖς
569 3372 749 3456 πολεμίοις,
766 3372 856 3472 οὕτω
879 3395 936 3455 μοι
959 3375 1153 3458 σημαίνεται.

308 3528 406 3594 Xon.
429 3527 517 3594 Hell.
540 3528 637 3610 1114,
660 3528 717 3594 15:
744 3530 913 3614 Γενομένης
935 3525 970 3592 δὲ
989 3527 1102 3612 ταύτης
1122 3533 1176 3611 τῆς
1198 3525 1404 3609 ἱππομαχίας

225 3631 417 3712 θυομένῳ
461 3639 513 3713 τῷ
554 3628 780 3715 Ἀγησιλάῳ
816 3640 861 3714 τῇ
897 3629 1097 3715 ὑστεραίᾳ
1135 3626 1191 3692 ἐπὶ
1233 3627 1401 3714 προόδῳ

224 3729 358 3815 άλοβα
376 3735 567 3816 χίχνεται
587 3731 635 3796 τὰ
656 3731 758 3819 ἱερά.
802 3734 945 3797 τούτου.
971 3779 978 3793 .
1003 3779 1010 3793 .
1035 3735 1188 3818 φανέντος
1217 3735 1403 3817 στρέψας

224 3830 453 3918 ἐπορεύετο
476 3829 547 3898 ἐπὶ
568 3833 832 3922 θάλατταν.1)

310 3987 407 4053 Χεο.
431 3990 517 4055 Hell.
544 3990 593 4058 IV
615 3992 645 4073 4,
667 3990 704 4057 5:
743 3993 974 4071 θυομένοις
1003 3987 1038 4053 δὲ
1067 3999 1242 4053 τοιαῦτα
1270 3981 1321 4074 Ιἦν
1354 3988 1401 4052 τὰ

224 4089 316 4175 ἱερὰ
353 4091 456 4154 ὥστε
485 4090 524 4156 οἱ
555 4093 726 4175 μάντεις
754 4091 916 4178 ἔφασαν
939 4091 1110 4175 άμεινον
1141 4085 1251 4156 εἶναι
1279 4112 1400 4156 κατα·

221 4195 385 4275 βαίνειν
407 4189 448 4257 ἐκ
476 4205 547 4258 τοῦ
577 4199 742 4282 χωρίου.

310 4364 330 4432 1)
348 4364 389 4421 οι.
407 4365 482 4421 Ριιυ.
500 4366 583 4435 Agna.
600 4367 625 4421 ο.
