3506 5226
320 397 384 464 230
773 394 907 464 Georgius
924 393 1038 449 Blacher
1444 393 1500 481 [60

319 567 549 652 psychologica
565 565 778 647 assuefactos,
800 565 894 631 cuius
909 563 1063 630 reihand
1078 581 1185 644 pauca
1199 563 1372 632 afferemus
1391 583 1502 632 exem·

319 671 413 756 pla1)
456 670 579 736 Nostra
594 667 763 734 sententia
783 666 993 749 extispicium
1009 683 1072 732 non
1089 667 1132 731 ad
1144 664 1313 732 scientiam
1336 668 1499 748 quandam

320 772 578 854 reconditiorem,
600 773 659 838 sed
682 772 725 836 ad
740 769 924 851 opinionem
939 768 1143 850 primitivam
1159 772 1193 834 et
1208 769 1356 835 omnibus
1371 769 1501 852 populis

320 893 519 942 communem
542 878 593 940 est
614 874 843 940 revocandum.
887 870 981 955 Quod
1002 870 1100 937 facile
1122 870 1195 937 fieri
1216 876 1326 952 potest
1348 872 1410 939 hoc
1431 871 1501 938 fere

320 981 421 1045 modo.
466 976 635 1044 Sacrificio
656 975 787 1041 iaciunt
809 974 973 1056 mortales,
996 978 1034 1039 ut
1056 975 1133 1040 deos
1151 973 1216 1039 sibi
1237 976 1381 1040 reddant
1402 975 1502 1040 bene-

320 1081 413 1148 volos
427 1079 566 1160 illosque
590 1081 633 1144 ad
655 1096 691 1144 se
707 1079 877 1159 advocent,
900 1074 1021 1157 quain
1044 1094 1080 1141 re
1103 1075 1299 1142 sacrificium
1322 1076 1502 1144 adiuvatur

320 1181 510 1263 precatione
546 1181 651 1262 facta3
693 1179 847 1261 precibus
882 1178 967 1244 enim
1005 1183 1171 1258 tamquam
1206 1178 1339 1246 vinculo
1376 1179 1502 1262 magico

321 1285 500 1350 trahuntur
520 1283 663 1348 numina.
696 1280 804 1346 Huius
825 1281 876 1346 rei
890 1280 1047 1346 memoria
1068 1280 1185 1363 elucet,
1206 1281 1328 1362 siquid
1344 1281 1501 1364 videmus,

322 1405 363 1453 ex
391 1384 549 1467 Hesychii
579 1386 691 1468 glossa
720 1382 835 1468 ostes)
887 1383 1028 1464 Scripsit
1056 1382 1158 1449 enim:
1186 1383 1280 1458 θεός·
1310 1394 1441 1469 σημεῖον
1470 1379 1503 1446 ἓν

321 1490 444 1572 θυιικῇ.
489 1487 560 1569 Quo
590 1487 683 1570 signo
707 1505 779 1552 cum
810 1485 947 1568 cetaria,
978 1503 1063 1567 quae
1085 1505 1114 1565 p.
1140 1485 1252 1565 10seq.
1274 1486 1504 1568 repetivimus,

321 1594 510 1672 comparato
541 1594 683 1671 apparet
711 1590 774 1654 hac
804 1589 864 1654 sub
898 1606 976 1655 voce
999 1587 1199 1668 peculiarem
1230 1587 1372 1667 aliquam
1396 1588 1502 1654 latere

222 1751 225 1758 .
321 1693 489 1759 rationem.
533 1692 626 1774 Nam,
648 1696 686 1756 ut
709 1709 809 1774 supra
832 1689 1078 1774 exposuimusl)
1101 1694 1214 1756 cetera
1236 1690 1332 1772 signa
1354 1691 1395 1756 ob
1414 1690 1503 1757 simi·

321 1795 496 1862 litudinem
525 1796 688 1875 quandam
712 1799 910 1877 acceperunt
930 1791 1060 1859 nomina
1083 1795 1118 1858 et
1140 1792 1216 1876 vim,
1245 1794 1330 1873 quod
1351 1792 1415 1858 huo
1437 1811 1502 1858 om-

322 1897 398 1964 nino
422 1916 486 1963 non
509 1896 688 1981 quadrare>
732 1896 927 1962 Absolvitnr
957 1903 1066 1960 autem
1099 1913 1139 1960 ea
1165 1894 1323 1977 quaestio,
1353 1894 1419 1960 nisi
1445 1913 1505 1962 nos

322 1999 443 2066 fallunt
465 2000 581 2082 omnia,
611 2000 659 2066 eis
681 1999 801 2080 verbis,
832 2016 916 2078 quae
938 1997 1136 2062 Lactantius
1159 1997 1314 2063 Placidus
1326 1997 1351 2082 ⁶)
1383 1997 1505 2064 adiecit

322 2103 364 2166 ad
387 2102 489 2168 Statii
512 2102 613 2167 Theb.
636 2101 666 2166 V
689 2102 760 2166 176.
806 2100 890 2164 Nam
920 2118 994 2165 cum
1015 2099 1144 2166 Statius
1167 2100 1323 2168 dixisset:
1349 2102 1386 2164 ia
1407 2101 1506 2166 acme

322 2204 423 2284 spirat
449 2202 524 2266 deus
553 2205 671 2283 icteqsr
698 2204 791 2285 actm,
825 2202 978 2283 exposuit
1003 2201 1176 2267 Placidus:
1207 2207 1251 2266 est
1281 2202 1440 2283 quoddam
1468 2205 1505 2266 ia

322 2306 400 2368 estse
418 2306 554 2386 squam,
584 2303 666 2386 quod
692 2303 789 2368 deas
810 2304 993 2385 appellator.
1024 2303 1105 2384 qood
1133 2306 1162 2367 sa'
1188 2306 1346 2386 iateqrom
1368 2325 1504 2387 apparo·

322 2409 397 2485 ersa,
429 2408 603 2489 propitium
639 2426 755 2470 cumea
791 2405 936 2489 ostendit,
976 2407 1028 2470 sia
1059 2426 1129 2470 vcro
1167 2406 1351 2485 dimidiam,
1384 2409 1503 2472 tratum

322 2510 478 2592 Quisioct
513 2530 629 2574 eomes
664 2514 720 2573 aot
756 2514 833 2574 certe
868 2529 932 2574 eoo
972 2528 1125 2590 praeseus.
1191 2509 1403 2577 Lactantium
1439 2511 1503 2578 hac

323 2614 358 2678 in
387 2632 424 2679 re
452 2631 639 2679 moneamus
672 2630 806 2680 necesse
840 2617 892 2678 est
924 2612 995 2678 sine
1025 2612 1122 2678 dubio
1153 2611 1279 2680 Graeco
1308 2632 1401 2679 usum
1430 2631 1503 2679 esse

325 2716 481 2796 exemplo.
517 2716 602 2780 Nam
624 2718 668 2781 ad
681 2715 901 2781 Romanorum
923 2715 1086 2781 rationem
1109 2716 1205 2798 plane
1220 2716 1257 2780 id
1271 2734 1336 2781 non
1351 2717 1504 2800 quadrat,

325 2819 410 2898 quod
432 2821 522 2884 certo
549 2817 678 2883 nomine
700 2822 838 2884 vocatur
861 2816 989 2898 signum
1015 2819 1174 2898 quoddam
1196 2818 1231 2883 in
1254 2817 1341 2884 extis
1364 2817 1504 2884 obvium.

323 2921 425 2985 Immo
440 2921 468 2986 is
484 2929 535 2985 est
549 2919 748 2985 Graecorum
764 2938 831 2986 mos
848 2923 883 2984 et
901 2919 1016 3001 usus.⁰)
1059 2920 1207 3004 Accedit,
1230 2923 1316 3000 quod
1330 2919 1505 2988 enuntiata

324 3023 383 3103 ita,
412 3025 451 3086 nt
469 3021 709 3102 nunc'quidem
732 3022 899 3105 leguntur,
925 3028 1040 3088 contra
1062 3040 1098 3088 se
1120 3022 1193 3105 ipsa
1215 3028 1373 3106 pugnant.
1418 3021 1505 3106 Quid

324 3122 389 3188 sibi
403 3123 521 3190 volunt
542 3125 645 3190 verba
667 3127 723 3187 oct
744 3128 822 3187 certe
842 3143 905 3188 eoa
917 3143 1064 3205 praesen
1085 3124 1194 3191 hocin
1218 3125 1398 3192 contextu?
1421 3125 1504 3192 Nam

325 3225 533 3306 antiquorum
549 3224 709 3292 rationem
721 3225 845 3292 secutis
857 3227 952 3292 nobis
963 3245 1028 3292 non
1039 3227 1118 3292 licet
1134 3227 1252 3311 dicere,
1268 3227 1298 3292 si
1312 3226 1362 3290 det
1376 3227 1505 3310 signum

324 3326 388 3396 etsi
411 3327 580 3396 dimidium
594 3331 697 3411 adest,
721 3331 815 3394 deum
830 3328 938 3410 ipsum
953 3347 1018 3394 non
1034 3330 1164 3409 adesse;
1188 3328 1223 3394 id
1239 3329 1325 3395 enim
1340 3333 1506 3412 pugnaret

324 3430 610 3498 vehementissime
641 3435 756 3497 contre
788 3449 912 3498 omnem
945 3435 1093 3496 veterum
1125 3430 1296 3496 statuendi
1324 3448 1504 3497 connexum

324 3533 494 3600 rationem.
543 3534 633 3616 Ergo
664 3552 728 3599 non
757 3539 849 3600 recte
870 3532 1037 3599 intellexit
1059 3551 1126 3598 rem
1151 3533 1341 3599 scholiasta.
1388 3531 1505 3600 Omnia

325 3641 434 3702 autem
456 3637 600 3718 perbene
631 3637 804 3720 quadrant,
833 3636 864 3701 si
885 3635 1016 3702 missum
1041 3633 1180 3700 facimus
1202 3633 1284 3700 illud
1306 3635 1504 3702 Graecorum

322 3740 448 3818 Quom
480 3741 515 3802 et
545 3736 720 3803 referimus
752 3756 864 3804 vocem
893 3739 1012 3818 iether
1041 3738 1084 3801 ad
1111 3741 1189 3802 exta
1218 3737 1292 3818 ipsa
1315 3739 1375 3804 hoc
1396 3739 1504 3803 modo:

324 3859 403 3921 quoe
436 3839 492 3924 (se.
516 3843 615 3923 exta),
643 3841 816 3922 estrepra
845 3839 1059 3922 apparuerint,
1090 3857 1155 3921 eqs.
1199 3840 1293 3906 Nunc
1322 3839 1505 3906 rectissime

412 4027 432 4096 ¹)
451 4027 484 4082 V.
503 4025 575 4082 infra
592 4043 618 4095 p.
637 4027 669 4080 71
680 4041 752 4096 seqq.
909 4026 931 4095 ⁹)
948 4042 1032 4098 snpra
1049 4042 1074 4094 p.
1095 4026 1135 4081 ll.
1291 4025 1312 4096 ⁸)
1330 4043 1356 4096 p.
1375 4027 1416 4082 32.

409 4111 433 4181 ⁴)
450 4112 579 4166 Fortasse
603 4127 667 4170 voce
694 4111 761 4166 θεός
790 4111 946 4180 haruspices
974 4110 1070 4168 Graeci
1099 4111 1172 4168 idem
1204 4112 1405 4181 exprimebant,
1436 4111 1507 4179 quod

324 4197 442 4252 Romani
459 4196 542 4253 serbo
561 4197 633 4251 laeto
658 4199 723 4252 ceto
741 4198 767 4252 h.
786 4214 809 4254 e.
827 4197 857 4252 in
879 4196 1037 4252 universnm
1062 4197 1141 4252 deum
1160 4197 1255 4252 adesse
1272 4197 1432 4266 adiutorem,
1450 4195 1508 4252 ubi·

324 4298 437 4350 cumque
455 4283 489 4337 de
506 4282 623 4352 singulis
641 4282 721 4338 rebus
739 4282 808 4337 nihil
826 4283 916 4337 dicere
933 4286 1088 4350 potuerunt.

410 4367 432 4437 ὁ)
450 4369 484 4424 V.
502 4383 585 4436 supra
602 4384 627 4436 p.
647 4367 689 4422 22.
845 4368 866 4437 ⁶)
885 4367 926 4422 Of.
945 4383 1027 4438 supra
1044 4383 1070 4436 p.
1089 4367 1191 4436 2seqq.
