3508 5068
237 411 291 503 21]
632 416 673 471 De
691 415 832 484 extispicio
850 416 941 485 capita
959 417 1013 471 tria
1355 421 1416 487 191

321 586 434 653 Cass,
463 584 540 653 Dio
562 585 748 652 LXXVIII
770 588 799 671 7,
822 587 858 652 2:
887 583 932 649 Oi
960 588 1133 666 μάντεις
1160 583 1283 654 εἶπον
1311 590 1417 674 αὐτῷ
1489 655 1502 675 ,ἱ
1570 635 1573 644 ,

236 689 293 773 (τῷ
315 687 524 774 Καρακάλλᾳ)
544 686 613 772 τὴν
634 685 789 773 ἡμέραν
811 682 971 774 ἐκείνην
993 688 1293 774 φυλάσσεσθαι
1317 694 1418 778 τούτῳ

235 801 280 875 τῷ
315 790 432 878 ῥήματι
464 789 611 876 ἄντικρυς
642 790 850 875 χρησάμενοι,
889 790 953 855 ὅτι
982 791 1024 856 αἱ
1057 803 1129 856 τοῦ
1154 792 1312 879 ἥπατος
1346 805 1418 859 τοῦ

236 892 395 980 ἱερείου
425 891 555 956 πύλαι
575 892 909 1044 κέκλεινιαιῳικ
958 882 1193 1018 Ὑψίαλνμῖ]

321 1031 549 1097 Herodian.
564 1029 648 1096 VIII
661 1031 690 1112 3,
703 1033 721 1096 7
738 1021 952 1096 Maximinum
964 1031 1085 1097 bellum
1096 1031 1278 1114 suscepisse
1288 1039 1417 1100 narrat:

236 1131 366 1197 πολλῶν
387 1179 442 1198 ...
465 1131 564 1196 ὄντων
584 1132 662 1217 περὶ
681 1133 815 1217 θυτικήν
842 1155 876 1195 τε
903 1132 958 1196 καὶ
979 1131 1223 1214 ἡπατοσκαπὶαν
1245 1129 1416 1219 ἐμπείρων,

235 1236 283 1298 τά
311 1257 352 1298 σι
374 1233 465 1318 ἱερὰ
487 1231 604 1298 α’ίσια
633 1232 906 1319 ἀπαγγελλόντων.

321 1372 481 1438 Fronto
511 1391 540 1453 p.
557 1372 619 1437 137
636 1372 687 1436 N.:
725 1371 819 1437 Siout
848 1371 891 1436 in
921 1372 1035 1438 extis
1065 1372 1192 1439 diffissa
1225 1375 1417 1455 plemmque

236 1474 371 1540 minima
392 1479 427 1540 et
448 1473 644 1541 tenuissima
665 1474 822 1540 maximas
845 1473 1035 1556 significant
1055 1476 1301 1557 prosperitates.

320 1611 439 1677 Amm.
468 1612 591 1676 Marc.
614 1611 718 1676 XXII
734 1613 761 1693 1,
785 1613 820 1675 1:
850 1611 1050 1677 IuIIanus
1072 1660 1079 1676 .
1102 1663 1138 1677 ..
1168 1616 1269 1677 exta
1291 1613 1417 1678 rima-

235 1715 362 1779 batur
395 1713 577 1779 adsidue
614 1764 621 1777 .
652 1764 658 1777 .
692 1765 698 1777 .
746 1712 841 1792 eique
873 1715 1007 1777 tandem
1041 1713 1251 1794 aruspicinae
1287 1713 1417 1795 peritus
1439 1707 1698 1807 βψ

235 1817 444 1898 Aprunculus
468 1814 583 1882 Gallus
604 1813 830 1881 ...nuntiavit
857 1823 996 1881 eventus
1016 1815 1218 1897 inspectu
1240 1815 1416 1896 iecoris,

235 1923 275 1985 ut
297 1918 411 1985 aiebat
430 1917 510 1999 ipse,
539 1918 801 1998 praedoctus
830 1918 938 1996 quod
959 1917 1225 1998 operimento
1247 1917 1416 1998 duplici

236 2019 415 2087 viderat
437 2022 606 2085 tectum.

321 2156 479 2222 Festus
507 2175 537 2237 p.
569 2155 630 2221 157
653 2156 714 2221 M.:
737 2157 855 2221 Muta
880 2161 981 2221 exta
1011 2156 1231 2239 dicuntur,
1260 2156 1416 2239 quibus

234 2259 296 2325 nil
320 2257 611 2325 divinationis
635 2259 1266 2341 autdeorumresponsiinesse
1286 2259 1416 2326 enim·

235 2364 485 2443 advertunt,
515 2367 632 2427 contra
654 2360 896 2442 adiutoria,
920 2380 1025 2442 quae
1052 2367 1215 2428 certum
1245 2361 1415 2444 aliquid

235 2468 489 2531 eventurum
509 2463 709 2529 indicant
728 2469 802 2529 aut
817 2466 866 2530 ab
883 2464 1098 2548 incendio,
1114 2470 1160 2529 ut
1175 2483 1415 2545 caveamus,

236 2571 309 2632 aut
340 2586 361 2632 a
394 2584 556 2633 veneno
593 2566 763 2646 talique
800 2584 843 2631 re
881 2571 1041 2631 certum
1075 2566 1249 2646 aliquod
1286 2566 1415 2630 mani·

234 2668 476 2750 festumque
504 2669 674 2734 instare
696 2667 948 2751 periculum,
978 2667 1092 2750 item,
1114 2686 1220 2749 quae
1250 2667 1313 2733 rei
1343 2686 1414 2748 pu-

235 2772 378 2838 blicae
400 2773 666 2852 portendunt
687 2769 840 2836 finium
862 2770 1204 2837 demInutionem.

320 2909 481 2974 Festus
514 2927 545 2989 p.
576 2907 640 2972 289
671 2907 728 2972 Μ.;
765 2891 949 2989 ΒσςσΙία
979 2912 1078 2973 exta
1116 2908 1415 2989 appellantur,

235 3027 343 3090 quae
365 3007 903 3090 potentibusinsperatum
921 3010 1416 3093 honorempollicentur;

234 3109 427 3194 privatis
449 3115 492 3176 et
514 3110 821 3178 humilioribus
849 3111 1143 3193 hereditates;
1173 3111 1268 3178 filio
1290 3111 1414 3177 fami·

234 3213 321 3281 liae
344 3212 684 3280 dominationem.

320 3351 601 3432 Festusp.245
621 3350 680 3416 II:
702 3349 926 3417 Pestifera
957 3350 1155 3432 auspicia
1185 3354 1303 3434 sunt,
1331 3368 1415 3418 cum
1544 3401 1556 3447 3

234 3453 368 3520 corin
390 3451 506 3518 extis
529 3471 607 3519 non
629 3452 963 3519 invenitur'aut
986 3457 1113 3534 caput
1140 3452 1184 3518 in
1212 3451 1416 3519 iocinere.

320 3591 481 3656 Paulus
502 3588 628 3655 Festi
650 3607 680 3670 p.
707 3589 770 3654 100
785 3589 844 3654 II:
873 3589 1070 3671 Hariuga
1094 3589 1323 3655 dicebatur
1345 3589 1414 3653 ho·

237 3693 344 3776 stin,
367 3692 488 3758 cuius
511 3690 800 3757 adhaerentia
822 3690 1180 3773 inspiciebantur
1201 3696 1308 3758 exta.
1344 3777 1347 3782 Ι

322 3828 541 3894 Claudiam
564 3827 960 3909 inRuf.11412seqq.:

388 3929 454 3996 HIc
477 3930 616 4014 Iecur,
638 3931 692 3996 hic
714 3931 822 3997 cordis
844 3930 1002 4012 fibrae,
1025 3930 1080 3995 hic
1101 3931 1220 4012 pandit
1235 3931 1372 3996 anhelas

388 4033 601 4114 pulmonis
624 4034 832 4099 latebras.
854 4032 998 4116 spatium
1021 4051 1085 4099 non
1108 4033 1238 4100 invenit
1260 4032 1321 4098 ira.

295 4215 306 4234 .
387 4135 456 4201 Neo
478 4134 569 4200 locus
590 4141 643 4200 est
665 4135 758 4201 odiis,

320 4274 441 4338 Mart.
472 4271 566 4354 Oap.
588 4272 605 4337 I
627 4274 663 4338 9:
693 4272 874 4338 Denudata
903 4275 1064 4354 pecudum
1095 4274 1195 4339 caede
1224 4270 1418 4338 fissiculatis
1449 4339 1450 4344 ,
1549 4262 1553 4318 ἶ

236 4379 384 4441 extorum
407 4372 560 4457 prosiciis
583 4372 757 4441 viscera
779 4375 1077 4456 loquebantur.
