3508 5068
324 403 387 468 218
780 401 914 471 Georgius
932 402 1046 456 Bleoher
1450 403 1506 490 [48

324 571 519 654 extispicem
542 573 582 636 de
611 589 648 638 se
670 574 748 637 exta
769 570 1029 654 interrogantem
1048 589 1114 638 non
1142 571 1350 657 postremos)
1393 574 1505 653 Alone

325 675 462 740 Tacitus
484 678 602 740 namat
624 672 736 739 'litum
757 675 798 739 de
826 691 861 739 se
883 672 954 754 ipso
975 673 1125 740 nonnisi
1151 693 1211 755 per
1240 676 1397 758 ambages
1426 679 1505 741 exta

323 776 544 862 inspexisset)
595 776 678 844 Orta
701 779 779 842 sunt
801 775 886 842 talia
908 774 1050 842 fortasse
1073 795 1115 842 ex
1136 777 1269 860 vulgari
1298 777 1506 859 antiquorum

323 879 476 962 opinione
494 879 624 946 nomine
637 878 819 966 ,enuntiato
841 877 1001 944 hominem
1027 879 1134 960 ipsum
1159 899 1219 962 per
1239 880 1383 963 magiam
1406 879 1506 963 deligi

324 982 359 1048 in
389 983 444 1048 dei
470 982 637 1049 cuiusdam
660 981 727 1049 vim
748 999 787 1046 ac
808 981 1046 1067 potestatem.⁸)
1090 982 1157 1049 Nec
1177 981 1393 1064 improbabile
1414 981 1506 1051 vide-

322 1089 383 1155 tnr
397 1083 474 1150 binc
488 1083 672 1165 profectum
686 1102 759 1150 esse
780 1083 863 1150 illud
878 1083 1112 1165 imperatorum
1127 1085 1270 1152 vetitum
1293 1091 1409 1152 contra
1423 1085 1505 1152 exti-

326 1186 433 1269 spices
452 1187 577 1253 factum
599 1191 634 1253 et
656 1186 690 1252 in
713 1185 938 1253 Theodosiano
960 1185 1071 1253 codice
1093 1187 1300 1273 servatum‘)

246 1380 249 1385 ,
412 1307 476 1372 Sed
497 1308 668 1374 redeamus
684 1308 727 1372 ad
748 1305 939 1372 testimonia
960 1305 1020 1371 illa
1035 1309 1124 1388 apud
1138 1307 1274 1372 Festum
1290 1307 1399 1392 obvia,
1423 1323 1507 1388 quae

328 1427 428 1490 supra
449 1429 478 1490 p.
501 1410 542 1474 21
573 1408 813 1490 exscripsimus,
857 1407 1045 1476 Ostendent
1073 1409 1166 1475 nobis
1190 1415 1315 1475 certum
1344 1409 1379 1475 in
1409 1410 1506 1476 finem

326 1531 455 1594 semper
477 1513 614 1578 tendere
633 1511 798 1594 signorum
814 1511 1131 1592 interpretationem.
1175 1511 1268 1594 Quae
1283 1512 1360 1578 boni
1376 1512 1508 1594 augurii

327 1618 405 1681 sunt
427 1619 520 1696 exta,
552 1613 742 1697 significant
764 1614 879 1697 augeri
909 1615 1142 1695 quodammodo
1171 1612 1410 1696 interrogantis
1432 1632 1506 1679 con-

328 1717 480 1800 diciones
499 1719 587 1784 mala
603 1715 749 1783 efficiunt
766 1716 974 1783 contrarium.
1004 1715 1086 1800 Quis
1102 1721 1212 1783 eutem
1228 1722 1287 1800 est,
1303 1717 1360 1797 qui
1376 1715 1506 1782 dubitet

327 1821 363 1887 in
392 1820 632 1903 antiquioribus
669 1824 704 1886 et
733 1819 986 1901 simplicioribus
1016 1819 1198 1902 extispiciis
1227 1839 1267 1887 ea
1296 1819 1508 1886 excoluisse

327 1926 422 2006 bona,
444 1923 480 1988 in
503 1922 622 2003 quibus
645 1941 729 2004 quae
746 1923 910 1989 debebant
933 1925 1074 1989 aderant
1096 1923 1205 1989 omnia
1226 1924 1282 1989 vel
1303 1924 1384 1988 adeo
1407 1927 1507 1988 aucta

329 2030 440 2105 erant,
470 2024 559 2089 mala
596 2024 630 2088 in
668 2023 787 2104 quibus
824 2023 929 2089 defuit
959 2025 1109 2105 aliquid?
1172 2025 1277 2108 Quam
1307 2025 1507 2092 sententiam

329 2126 571 2206 comprobatam
601 2125 750 2191 videmus
779 2125 831 2191 his
859 2125 970 2192 verbis
998 2126 1161 2192 Plinianis
1197 2129 1233 2190 ta
1269 2127 1359 2192 corde
1390 2146 1509 2191 summo

323 2226 513 2309 pinguitudo
542 2225 694 2310 quaedam
722 2231 765 2290 eet
797 2227 886 2291 tomis
913 2228 1027 2314 catal)
1078 2229 1165 2294 Hinc
1194 2248 1253 2309 per
1288 2229 1511 2312 sympathiam

330 2332 493 2411 quandam
516 2329 667 2411 populari
688 2329 914 2410 superstitioni
935 2330 1102 2412 propriam
1132 2332 1389 2397 concludebatur
1422 2331 1509 2396 extis

330 2432 471 2516 integris
482 2433 537 2500 vel
549 2431 655 2499 euotis
666 2431 846 2515 significari
861 2433 1048 2517 sanitatem,
1060 2432 1204 2516 divitias,
1215 2435 1334 2499 bonam
1347 2431 1509 2518 sortem),

329 2540 445 2602 contra
458 2535 558 2602 laesis
573 2538 628 2603 vel
644 2535 783 2602 detortis
797 2535 945 2619 praedici
960 2537 1114 2620 morbum,
1136 2537 1296 2619 damnum,
1312 2537 1434 2602 malum
1455 2535 1511 2603 uel

279 2692 287 2740 ,
330 2642 467 2705 mortem
478 2642 518 2720 7);
539 2657 617 2704 narn
639 2637 735 2721 λοβὸς
754 2636 880 2724 ἀφανὴς
909 2644 945 2705 et
973 2643 1066 2722 capot
1087 2636 1228 2720 dauers
1256 2657 1386 2721 semper
1413 2656 1509 2720 prae-

330 2741 533 2807 nuntiabant
566 2741 787 2808 calamitatem
817 2744 875 2809 vel
895 2747 1040 2808 mortem.
1085 2742 1177 2825 Quae
1208 2741 1397 2826 sympathia
1426 2739 1510 2806 satis

330 2843 421 2908 clare
443 2843 552 2909 elucet
574 2863 592 2909 e
613 2844 726 2910 verbis
747 2844 910 2910 Plinianis
941 2846 982 2910 de
1010 2845 1109 2926 cupite
1130 2864 1215 2909 caeso
1243 2843 1382 2929 factust)
1426 2843 1511 2910 Nam

277 2970 279 2979 ·
331 2944 396 3010 nisi
419 2946 460 3010 ab
482 2944 541 3009 illa
556 2945 789 3026 superstitione
803 2947 1111 3029 interpretationem
1125 2947 1312 3030 repetimus,
1335 2965 1399 3013 non
1418 2949 1510 3014 recte

420 3182 439 3250 1)
457 3181 531 3236 aruc.
549 3181 628 3236 mex.
647 3181 696 3249 aa,
714 3181 822 3236 aaran.
841 3182 927 3237 nnec.
946 3184 1003 3239 vn
1020 3183 1061 3251 re,
1080 3184 1105 3237 a
1205 3183 1226 3253 ¹)
1244 3183 1316 3237 ma
1335 3183 1366 3236 rr
1383 3182 1408 3235 4.

420 3265 441 3335 ⁸)
458 3267 498 3321 Of.
523 3267 556 3321 A.
583 3266 786 3332 Dicterich,
815 3266 888 3321 Iliae
906 3267 1142 3338 Mitbrusliturgic
1168 3266 1311 3336 p.110ff.;
1338 3266 1512 3335 Andriam,

337 3338 408 3408 dee
429 3351 676 3423 Wortoberpactc,
696 3351 818 3422 serap.
836 3351 881 3407 ar.
900 3351 947 3406 ar
964 3351 1083 3406 secata.
1101 3352 1228 3422 actara.
1250 3350 1431 3419 saetacum
1443 3351 1511 3406 reae

332 3456 359 3508 1³·
377 3438 526 3586 20NequVI
543 3523 584 3594 10,
604 3525 650 3579 12:
676 3523 835 3594 (Eetiopca)
852 3523 960 3578 delutm
982 3523 1107 3594 excipiat
1127 3523 1294 3578 embadum
1318 3526 1512 3593 competentem

333 3609 445 3664 etiooeai
461 3609 534 3664 citit
551 3613 647 3664 coebo
664 3611 781 3664 salutem
794 3609 956 3680 principum
974 3613 1026 3664 out
1047 3609 1080 3663 de
1103 3609 1192 3664 catate
1209 3608 1364 3678 quaesterit.
1401 3608 1516 3679 Sufficit

214 3718 217 3722 ·
334 3694 408 3748 caim
425 3693 463 3748 ud
480 3693 607 3748 criminis
624 3695 721 3750 molem
740 3737 746 3750 .
765 3738 771 3750 .
791 3738 797 3750 .
817 3737 822 3748 .
838 3695 922 3763 ficem
940 3695 1168 3765 ercammarus)
1186 3694 1286 3750 solutis
1303 3694 1418 3764 alienae,
1436 3711 1512 3764 spem

333 3777 420 3833 elicui
436 3777 570 3832 interitus
583 3778 718 3848 polliceri.
814 3781 836 3850 ⁶)
853 3780 887 3836 N.
905 3782 939 3835 H.
958 3781 1000 3835 XI
1018 3779 1076 3834 186.

420 3863 442 3933 ⁶)
459 3863 527 3918 Xen.
551 3865 640 3920 Anah.
657 3866 698 3921 VI
715 3866 740 3934 5,
758 3865 806 3934 213
833 3866 889 3921 VH
905 3865 931 3933 8,
949 3865 995 3934 10;
1021 3865 1150 3933 Polyscn.
1174 3866 1259 3922 Strat.
1278 3865 1318 3921 IV
1335 3865 1360 3936 3,
1379 3865 1427 3934 14;
1454 3865 1516 3920 Liv.

335 3949 428 4004 XXXI
444 3949 469 4019 b,
488 3949 611 4004 XXXVI
629 3951 657 4019 13
681 3951 753 4005 Plin.
777 3950 864 4020 Epist.
883 3952 913 4003 11
929 3951 971 4021 20,
989 3952 1020 4019 4;
1047 3952 1111 4006 Tac.
1129 3951 1193 4008 hiet.
1212 3952 1242 4006 H
1259 3951 1291 4020 4;
1317 3951 1406 4008 Amm.
1432 3951 1514 4004 liare

347 4109 354 4121 ⁸
422 4120 536 4190 ⁷)Plut.
555 4121 622 4176 Cim.
641 4120 687 4190 18;
706 4122 774 4177 Xen.
792 4121 879 4176 Anah.
897 4122 984 4192 1114,
1003 4123 1050 4191 15;
1077 4122 1153 4179 Plut.
1172 4123 1226 4194 Ag.
1243 4122 1273 4191 93
1298 4120 1517 4176 Xen.Hell.1V

336 4205 360 4273 7,
379 4206 395 4259 7
401 4227 408 4274 ;
426 4206 535 4261 Arriam.
553 4206 640 4261 Anah.
657 4207 713 4262 VII
731 4206 776 4275 18;
795 4207 868 4262 Plut.
886 4208 984 4277 Pyrrh.
1001 4207 1047 4275 30;
1066 4208 1118 4262 Iul.
1137 4207 1253 4276 Obsequ.
1266 4207 1300 4260 76
1317 4211 1346 4261 et
1359 4205 1422 4274 11u;
1440 4205 1517 4260 Suet.

335 4290 398 4346 Dia.
417 4292 469 4345 Iul.
486 4291 532 4360 81;
552 4291 630 4347 Ovid.
647 4293 712 4346 llct.
730 4292 782 4348 XV
799 4292 864 4361 7953
882 4293 942 4348 Sen.
960 4291 1025 4348 Oed.
1043 4293 1190 4362 sttruos
1209 4293 1280 4348 Plin.
1292 4290 1325 4346 N.
1338 4291 1372 4346 Η.
1391 4291 1433 4345 XI
1450 4290 1516 4358 189;

336 4375 401 4430 Tac.
418 4375 483 4432 hist.
502 4376 517 4430 I
534 4377 575 4430 27.
681 4377 702 4445 ⁸)
719 4377 752 4431 N.
770 4377 805 4433 Η.
823 4377 865 4432 11
882 4378 941 4432 190.
