3508 5068
227 406 279 494 17]
626 405 669 461 De
686 405 828 476 extispicio
846 406 937 476 capita
954 406 1009 462 tria

312 580 434 661 Verg.
457 578 538 644 Aen.
560 578 609 645 IV
631 578 791 660 absequ:

212 837 216 846 ·
269 802 311 868 63
334 800 505 868 instaurat
528 851 534 863 .
559 853 565 866 .
589 851 595 865 .
618 798 703 866 diem
720 698 1331 882 (10anpefflsgpffi'qlggdroeppugig

332 901 586 985 pectoribus
607 901 783 968 inhians
812 901 1034 984 spirantia
1055 904 1247 970 consulit
1268 908 1373 970 exta.

312 1058 434 1139 Verg.
457 1056 539 1122 Aen.
561 1055 595 1121 Χ
618 1056 773 1136 175seq.:

329 1227 336 1242 .
360 1228 366 1242 .
388 1228 394 1242 .
419 1177 477 1242 ille
500 1176 664 1242 hominum
688 1175 865 1256 divumque
886 1175 1050 1259 interpres
1067 1176 1199 1260 Asylas,

330 1279 398 1346 eui
417 1281 621 1361 pecudum
644 1277 776 1362 fibra,
800 1278 884 1345 caeli
907 1279 959 1344 cui
981 1280 1091 1346 sidera
1112 1285 1274 1361 parent.

313 1431 433 1514 Verg.
456 1433 537 1498 Aen.
560 1433 613 1498 XI
634 1433 697 1498 739
708 1450 792 1513 seq.:

608 1555 759 1618 ...dum
782 1571 879 1618 sacra
901 1553 1063 1618 secundus
1085 1552 1250 1634 haruspex

313 1653 447 1719 nuntiet
470 1706 499 1720 ..
516 1706 523 1719 .

313 1807 428 1876 ovid.
451 1809 530 1874 Met.
552 1807 619 1873 VII
638 1807 800 1888 ‘600seq.:

227 1927 362 1992 Fibra
384 1945 547 2008 quoque
563 1945 695 2008 aegra
716 1936 841 1993 notas
865 1926 1406 2008 verimonitusquedeorum

228 2029 492 2110 perdiderat
514 2028 630 2094 tristes
644 2033 824 2110 penetrant
846 2029 889 2094 ad
910 2029 1040 2095 mscera
1060 2029 1173 2096 morbi.

315 2181 431 2249 Ovid.
452 2182 531 2248 Met.
553 2183 618 2247 XV
641 2182 791 2263 136seq.:

351 2301 509 2368 Protinus
532 2306 708 2383 ereptas
730 2302 905 2369 viventi
929 2306 1106 2384 pectore
1127 2301 1268 2368 fibras

350 2403 597 2485 inspiciunt
620 2410 813 2485 mentesque
835 2407 929 2471 deum
953 2408 1146 2470 scrutantur
1167 2403 1202 2469 in
1224 2404 1291 2470 illm

313 2575 429 2641 ovid.
454 2575 532 2641 Met.
554 2575 619 2640 XV
640 2576 704 2642 575
727 2594 832 2655 sequ:

696 2744 748 2760 ...
773 2694 1061 2772 Mactatarumque
1082 2690 1253 2758 bidentum

228 2795 330 2876 quid
360 2795 447 2861 sibi
465 2794 746 2877 significent,
778 2793 1056 2877 trepidantia
1085 2794 1275 2860 consulit
1298 2799 1407 2861 exta.

228 2916 313 2979 quae
335 2898 433 2964 simul
456 2897 587 2978 aspexit
609 2898 801 2980 Tyrrhenae
823 2897 933 2979 gentis
955 2897 1129 2980 haruspex,

229 3019 379 3082 magua
399 2999 528 3080 quidem
551 3018 688 3065 rerum
710 2998 928 3066 molimina
950 2999 1066 3066 vidit
1087 2997 1130 3065 in
1151 2999 1248 3065 illis

229 3120 308 3168 non
331 3100 566 3168 manifesta
586 3108 735 3168 tamen.

314 3254 431 3323 Ovid.
454 3256 534 3322 Met.
556 3255 620 3322 XV
636 3257 699 3322 794
712 3274 794 3337 seu:

230 3371 419 3439 Victima
440 3374 561 3450 nulla
582 3374 702 3457 litat,
727 3393 986 3458 magnosque
1007 3374 1178 3441 instare
1199 3374 1409 3442 tumultus

229 3474 346 3542 fibra
378 3481 518 3542 monet
547 3495 804 3558 caesumque
826 3481 956 3560 caput
977 3475 1201 3558 reperitur
1220 3474 1263 3540 in
1286 3475 1409 3541 extis,

315 3629 420 3696 Plin.
442 3629 480 3694 N.
496 3629 603 3696 Η.ΧΙ
621 3630 698 3696 189:
732 3628 837 3696 Gaio
859 3626 1050 3712 principi
1074 3626 1216 3714 (caput
1237 3625 1409 3711 iecoris)

229 3729 371 3796 defuit
390 3730 472 3796 kal.
498 3730 599 3815 Ian,
626 3750 699 3800 cum
721 3730 826 3798 iniret
855 3732 1145 3812 constitutumque
1168 3748 1253 3798 anno
1270 3729 1409 3798 inter·
1535 3739 1538 3750 ‘

229 3830 373 3897 iectus
397 3836 474 3897 est.

256 3945 261 3952 ’
316 3983 420 4049 Prin.
443 3985 482 4050 u.
502 3985 610 4051 uxr
627 3986 705 4052 raa:
727 3985 911 4052 erasmo
927 4037 933 4051 .
950 4035 957 4050 .
974 4036 980 4050 .
996 3985 1140 4070 (caput
1161 3983 1322 4050 iecoris
1340 3985 1408 4050 ue-

228 4085 344 4172 fuit),
367 4104 444 4167 quo
468 4105 608 4154 mense
626 4087 922 4170 interemptus
945 4094 1009 4154 est
1032 4105 1202 4154 veneno.
1415 4098 1418 4104 '

316 4239 427 4306 Suet.
450 4239 537 4307 Nero
552 4241 609 4307 56:
632 4241 674 4326 (N
683 4249 766 4327 ero)
791 4246 871 4308 ante
885 4259 1009 4324 paucos
1023 4259 1120 4323 quam
1136 4237 1264 4322 periret
1281 4256 1409 4308 menses

230 4342 428 4408 attendit
451 4349 492 4410 et
514 4344 750 4428 extispicio
772 4362 849 4412 nec
870 4362 1060 4426 umquam
1079 4339 1245 4413 litavit.

282 4457 600 4514 Religionegeschlehtliche
613 4461 734 4507 venuche
747 4471 770 4505 u.
785 4461 943 4507 verubeiten
957 4462 987 4506 11.
1222 4441 1255 4497 13
