3508 5068
214 4164 272 4249 ..sl

351 397 414 463 188
808 397 942 468 Georgius
959 398 1073 453 Blecher

393 567 480 633 Seu.
503 569 637 650 Thyest
660 568 841 650 755seqp:

435 669 844 752 Ereptavivisexta
862 671 1114 753 pectoribus
1136 676 1325 739 tremunt

436 772 629 856 spirantque
651 791 757 839 55555
779 791 897 853 corque
920 775 1026 840 adhuc
1049 774 1205 857 pavidum
1223 775 1310 842 salit.

435 880 480 941 at
505 875 584 942 ille
605 875 746 942 fibras
769 879 939 941 tractat
962 895 1008 941 55
1030 876 1117 942 lata
1138 877 1324 960 inspicit

435 984 476 1046 et
497 980 632 1045 adhuc
651 978 846 1044 calentes
868 977 1080 1046 viscerum
1103 998 1235 1046 55555
1257 985 1389 1047 notat.

392 1133 479 1198 Seu.
501 1134 619 1198 Troatl
641 1133 705 1199 355
727 1134 767 1198 (le
790 1131 988 1198 Calchante:

435 1250 489 1318 cui
511 1251 723 1318 viscerum
749 1261 922 1318 secreta

435 1355 518 1418 daut
538 1353 634 1435 signa
658 1351 730 1419 fati.

393 1507 480 1574 Seu.
510 1507 588 1574 Oed.
610 1507 673 1574 353
694 1525 802 1588 seqq.:

629 1678 663 1693 ..
688 1679 694 1692 .
716 1627 788 1693 Non
810 1628 879 1695 levi
902 1634 999 1710 motu,
1022 1635 1060 1693 ut
1086 1631 1201 1712 solent,

434 1729 565 1812 agitata
586 1730 757 1811 trepidant
776 1735 864 1814 exta,
887 1733 944 1796 sed
967 1735 1057 1797 totas
1082 1749 1197 1796 manus

348 1844 400 1899 355
433 1833 589 1914 quatiunt
610 1852 828 1914 novusque
850 1833 1032 1915 prosilit
1053 1834 1175 1900 55515
1199 1853 1331 1900 cruor.

435 1936 497 2002 Oor
519 1941 644 2001 marcet
666 1955 801 2018 aegrum
822 1936 953 2017 penitus
975 1955 1015 2001 ac
1035 1955 1175 2003 mersum
1198 1937 1283 2003 latet

434 2038 605 2118 liventque
627 2056 747 2118 venae3
776 2056 925 2119 magna
951 2056 1049 2118 pars
1069 2037 1202 2104 fibris
1226 2040 1353 2105 abest

435 2146 471 2205 et
497 2140 604 2205 felle
626 2139 749 2222 nigro
772 2139 921 2205 tabidum
944 2144 1076 2220 spumat
1097 2139 1189 2205 iecur

436 2261 483 2306 ao
505 2260 669 2323 semper
695 2260 807 2306 omen
832 2241 953 2307 unico
973 2241 1145 2322 imperio
1175 2262 1309 2325 grave

349 2354 402 2408 360
436 2362 485 2409 eu
514 2345 663 2426 capita
684 2343 863 2425 paribus
885 2343 987 2409 bina
1008 2353 1278 2427 consurgunt
1300 2346 1418 2413 toris.

435 2445 514 2512 Sed
536 2452 760 2527 utrumque
789 2465 956 2512 caesum
978 2447 1122 2513 tenuis
1145 2449 1376 2514 abscondit
1399 2456 1529 2532 caput

435 2551 687 2616 membrana:
710 2549 869 2614 latebram
891 2551 991 2615 rebus
1013 2550 1150 2618 occultis
1176 2569 1302 2633 negans

434 2651 598 2719 hostile
628 2651 776 2719 valido
806 2653 958 2718 robore
988 2652 1183 2736 insurgit
1211 2654 1330 2720 latus

434 2761 679 2836 septemque
701 2773 833 2820 venas
855 2755 1015 2838 tendit3
1038 2754 1114 2821 has
1136 2754 1267 2823 omnis
1289 2762 1407 2823 retro

347 2867 399 2921 355
434 2856 666 2936 prohibens
689 2857 857 2921 reverti
877 2857 1000 2923 limes
1023 2857 1190 2924 oblicus
1212 2865 1341 2926 55555.

433 2958 625 3024 Mutatus
649 2960 748 3023 ordo
770 2964 851 3041 est,
874 2961 952 3024 sede
974 2960 1059 3025 nihil
1080 2961 1214 3042 propria
1233 2962 1329 3045 iacet,

433 3061 491 3126 sed
510 3063 586 3125 acta
608 3065 696 3126 retro
719 3067 847 3125 cuncta.
868 3078 933 3126 non
957 3061 1087 3127 animae
1109 3080 1217 3142 capax

433 3162 468 3227 in
490 3165 585 3242 parte
607 3164 727 3227 dextra
749 3161 856 3242 pulmo
879 3161 1080 3244 sanguineus
1102 3161 1198 3243 iacet,

433 3283 497 3330 uon
520 3264 618 3331 15555
640 3263 729 3330 cordi
751 3263 852 3346 regio,
874 3283 939 3330 non
961 3263 1051 3330 molli
1074 3264 1200 3329 ambitu

346 3377 410 3432 370'
433 3370 565 3433 omenta
587 3367 728 3449 pingues
749 3366 872 3432 visceri
895 3368 1078 3433 obtendunt
1100 3365 1200 3432 51555.

389 3521 481 3587 Luc.
503 3522 616 3588 Phars.
640 3522 657 3587 Ι
682 3522 745 3587 617
760 3511 867 3602 seq'q.:

433 3640 609 3706 ...Iram
632 3659 825 3722 superum
847 3641 992 3721 raptis
1015 3639 1231 3720 quaesivit
1252 3638 1297 3705 in
1319 3639 1443 3706 extis.

432 3742 607 3808 Terruit
627 3743 721 3824 ipse
743 3742 860 3808 color
882 3747 1040 3823 vatem3
1062 3761 1138 3808 nam
1161 3742 1287 3824 pallida
1320 3741 1440 3808 taetris

431 3843 562 3910 viscera
582 3843 689 3910 tincta
710 3844 797 3912 notis
818 3843 992 3929 gelidoque
1014 3844 1140 3911 infecta
1161 3863 1276 3912 cruore

346 3956 398 4013 550
432 3946 593 4028 plurimus
615 3949 770 4029 adsperso
794 3948 949 4016 variabat
975 3947 1136 4031 sanguiue
1158 3948 1251 4015 livor.

432 4049 546 4115 Cernit
568 4051 646 4116 tabe
668 4050 759 4116 iecur
779 4051 955 4135 madidum,
976 4068 1193 4130 venasque
1213 4050 1404 4115 minaces

430 4151 587 4218 hostili
617 4153 665 4218 de
687 4159 814 4233 parte
843 4154 965 4220 videt.
1009 4152 1177 4219 Pulmonis
1198 4152 1310 4217 anheli

430 4253 515 4319 fibra
536 4255 622 4320 latet
644 4274 888 4337 parvusque
911 4260 1034 4323 55555
1053 4253 1218 4322 5155115
1239 4252 1365 4319 limes.

432 4355 494 4421 (lor
515 4355 604 4423 iacet
625 4362 660 4423 55
681 4356 806 4424 555155
828 4376 888 4439 per
909 4359 1042 4425 hiantes
1064 4358 1195 4425 viscera
1216 4355 1319 4422 51555
