3508 5068
217 440 271 529 15]
612 440 654 494 De
672 431 814 509 extispicio
828 433 924 509 'capita
941 440 996 494 tria
1332 441 1394 507 185

302 612 378 678 lul.
400 599 577 692 Obs'equ.
598 631 623 677 c.
645 613 723 676 112:
746 610 962 677 Herennio
979 611 1145 677 consuli
1167 611 1233 678 bis
1255 612 1394 679 immo-

215 715 329 782 lanti
351 719 480 797 eaput
501 712 711 780 iocinoris
735 713 887 779 defuit.

300 824 376 901 Iul.
399 834 577 915 Obsequ.
601 852 626 899 e.
651 835 728 900 115:
755 831 955 898 Lucilius
978 833 1120 915 Lupus
1143 833 1306 915 spretis
1329 853 1394 899 re-

214 935 475 1021 ligionibus,
498 955 584 1001 eum
607 936 650 1000 in
673 934 789 1001 extis
810 940 938 1016 caput
964 954 1042 1001 non
1064 935 1313 1002 invenisset
1334 937 1394 1000 io-

214 1039 375 1105 cinoris
398 1090 405 1105 .
429 1091 435 1104 .
458 1090 465 1104 .
488 1039 523 1104 in
540 1037 663 1120 proelio
686 1038 855 1105 occisus
879 1043 952 1103 est.

283 1158 379 1234 „Ciu
403 1160 443 1223 de
466 1157 531 1224 div.
554 1158 571 1223 I
594 1158 650 1223 85:
673 1157 822 1240 Quid...
845 1158 947 1223 habet
966 1157 1141 1241 haruspex,
1165 1177 1237 1223 eur
1257 1159 1394 1239 pulmo

214 1260 381 1326 incisus
403 1259 505 1327 etiam
528 1260 708 1326 inbonis
732 1260 847 1326 extis
869 1258 1003 1325 dirimat
1035 1263 1165 1342 tempus
1188 1265 1223 1325 et
1244 1259 1394 1342 proferat

214 1361 325 1430 diem?

300 1473 380 1539 Cio.
410 1476 451 1541 de
473 1475 538 1541 div.
569 1474 684 1539 1128:
717 1473 789 1556 Quo
812 1476 905 1539 modo
930 1478 980 1539 est
1010 1473 1163 1539 collatum
1187 1473 1277 1540 inter
1305 1474 1393 1556 ipsos

213 1575 441 1662 (haruspices),
464 1596 549 1657 quae
571 1595 671 1659 pars
693 1575 886 1659 inimica,
916 1594 1001 1657 quae
1027 1594 1128 1657 pars
1153 1575 1394 1641 familiaris

213 1684 316 1746 esset:
346 1681 432 1761 quod
455 1679 606 1745 fissum
636 1679 891 1761 perieulum,
923 1680 1008 1758 quod
1038 1680 1286 1743 commodum
1311 1678 1391 1742 ali·
1500 1701 1503 1710 ³

214 1783 321 1862 quod
344 1779 619 1847 ostenderet?
636 1831 642 1845 .
659 1831 689 1844 ..
712 1781 769 1845 29:
788 1799 852 1845 non
875 1779 982 1845 dicam
1004 1779 1294 1861 gallinaceum
1316 1779 1392 1862 fel,

215 1922 252 1930 -
277 1889 356 1950 sunt
378 1883 474 1965 enim,
504 1883 561 1964 qui
582 1882 638 1949 vel
665 1882 880 1964 argutissima
898 1883 980 1947 haee
1008 1886 1088 1947 exta
1117 1901 1190 1948 esse
1213 1881 1328 1947 dieant
1353 1920 1389 1928 —

213 1985 415 2053 seditauri
437 1985 565 2066 opimi
587 1984 722 2066 ieeur,
744 1990 817 2050 aut
839 2003 924 2066 eor,
947 1988 1021 2050 aut
1043 1985 1188 2067 pulmo.

299 2104 377 2170 Cio.
408 2106 448 2170 de
479 2103 542 2171 div.
568 2105 604 2170 ΙΙ
633 2104 691 2170 38:
725 2103 803 2169 Cum
832 2104 983 2185 pluribus
1016 2102 1079 2170 diis
1109 2104 1305 2188 immolatur,
1335 2106 1391 2186 qui

212 2209 345 2273 tandem
368 2207 488 2290 euenit,
511 2211 549 2274 ut
570 2206 732 2272 litetur
753 2205 879 2290 aliis,
901 2206 1006 2272 aliis
1029 2225 1107 2272 non
1129 2206 1316 2272 litetur?

212 2314 249 2375 ut
282 2308 363 2395 (dei)
395 2309 546 2390 primis
579 2308 796 2376 minentur
829 2309 960 2392 extis,
993 2311 1099 2375 bene
1129 2309 1391 2391 promittant

210 2411 386 2480 secundis?
499 2416 538 2478 ut
568 2411 730 2494 Apollinis
764 2416 865 2478 exta
897 2414 1009 2479 bona
1035 2413 1119 2495 sint,
1149 2412 1278 2478 Dianae
1311 2430 1390 2477 non

210 2513 344 2581 bona?
359 2567 366 2580 .
383 2567 412 2581 ..
436 2519 474 2580 tu
489 2515 620 2596 quidem
639 2533 705 2580 non
720 2513 903 2580 hostiarum
924 2533 1033 2581 oasum
1057 2514 1230 2580 confirmas
1252 2513 1389 2580 sortium

210 2615 434 2700 similitudine,
455 2619 515 2683 sed
535 2616 682 2683 infirmas
706 2620 811 2682 sortes
835 2615 1019 2681 conlatione
1040 2617 1232 2683 hostiarum.

296 2736 408 2804 Suet.
422 2735 499 2805 Div.
516 2736 577 2803 Iul.
601 2738 658 2802 77:
681 2737 823 2816 quue
846 2735 1135 2818 arrogantiae
1157 2753 1389 2818 progressus

210 2840 446 2922 estCaesar‚
468 2844 513 2905 ut
535 2837 941 2920 haruspioetristia
963 2844 1002 2904 et
1024 2839 1117 2905 sine
1140 2840 1264 2905 eorde
1287 2843 1390 2903 exta
1508 2832 1509 2840 ’

209 2959 332 3008 sauro
359 2942 534 3020 quodam
557 2940 792 3005 nuntiante
813 2939 965 3005 futura
987 2941 1155 3007 diceret
1183 2940 1389 3024 laetiora,

209 3061 295 3108 oum
321 3041 474 3123 vellet3
497 3061 571 3108 neo
592 3061 665 3124 pro
688 3046 859 3108 ostento
883 3045 1135 3127 ducendum,
1168 3044 1206 3109 si
1234 3045 1388 3126 peeudi

208 3161 278 3210 eor
300 3143 526 3210 defuisset.

293 3255 369 3321 Iul.
392 3255 569 3335 obsequ.
592 3274 617 3320 o.
634 3256 711 3320 127:
735 3255 912 3321 Caesari
935 3254 1152 3321 dictatori
1175 3264 1274 3322 exta
1295 3256 1388 3322 sine
1420 3231 1447 3397 J

212 3360 339 3423 eorde
362 3356 543 3425 inventa

294 3477 374 3544 Cio.
407 3479 448 3543 de
482 3477 546 3544 div.
579 3477 699 3542 1119:
732 3477 916 3562 (Caesar)
950 3495 1021 3541 oum
1054 3477 1298 3542 immolaret
1330 3477 1388 3542 illo
1461 3533 1462 3536 ,

158 3609 161 3616 ·
208 3579 270 3663 die,
299 3597 362 3660 quo
384 3579 524 3662 primum
546 3579 581 3645 iu
603 3581 687 3646 sella
709 3598 810 3644 aurea
832 3579 925 3660 sedit,
952 3583 1081 3644 etcum
1104 3597 1271 3660 purpurea
1292 3584 1387 3645 veste
1470 3569 1472 3578 ,
1498 3629 1502 3650 t

207 3681 703 3764 prooessit,inextisbovis
719 3673 846 3764 opimi
869 3699 939 3746 oor
960 3679 1161 3747 nonfuit.
1177 3732 1203 3747 ..
1219 3680 1387 3762 Spurinna

207 3781 317 3867 (dixit)
332 3784 562 3850 timendum
583 3803 695 3867 esse,
717 3803 766 3850 ne
789 3787 830 3849 et
853 3782 1083 3850 consilinm
1104 3787 1147 3850 et
1168 3784 1385 3850 vitadefi-

188 3890 341 3968 ,oeret;
364 3904 505 3951 earum
528 3887 636 3952 enim
653 3905 793 3953 rerum
816 3891 1078 3966 utramquea
1099 3888 1226 3952 eorde
1248 3887 1387 3969 profi·

206 3987 324 4054 oisei.
343 3987 687 4070 posterodieeaput
708 3988 912 4054 iniecere
934 4006 1011 4054 non
1034 3987 1132 4054 fuit
1156 4007 1241 4069 quae
1256 3988 1385 4071 quidem

206 4088 257 4155 illi
278 4091 561 4172 portendebantur
581 4109 601 4156 a
624 4089 689 4156 diis
711 4089 959 4173 immortalibus,
991 4095 1027 4156 ut
1052 4090 1184 4157 videret
1206 4089 1385 4171 interitum,

205 4211 270 4259 non
291 4196 331 4258 ut
353 4192 525 4277 oaveret.¹)

293 4327 312 4397 ¹)
331 4328 371 4383 Gi.
384 4328 455 4383 Plin.
475 4329 507 4383 N.
520 4328 554 4382 Η.
567 4328 684 4398 ΧΙ186;
703 4330 831 4397 Polyaen.
845 4329 928 4384 Strat.
941 4330 1011 4386 VIII
1023 4330 1064 4399 23,
1082 4330 1116 4383 32
1126 4345 1195 4398 seq.;
1213 4329 1274 4385 Vel.
1287 4329 1358 4384 Max.
1371 4330 1385 4382 Ι

205 4411 230 4480 6,
249 4412 296 4482 13;
314 4413 430 4482 Appiam.
448 4413 510 4469 bell.
529 4413 581 4469 civ.
599 4413 629 4468 11
647 4414 697 4468 116
715 4415 825 4483 et1523
850 4414 924 4470 Suet.
943 4414 1007 4470 Diu.
1026 4415 1078 4471 Iul.
1089 4415 1137 4484 813
1155 4415 1229 4470 Plut
1248 4415 1324 4470 Caes.
1343 4415 1385 4469 63.
