3508 5068
361 416 423 481 198
819 411 953 479 Georglus
971 411 1084 466 Bleoher
1485 411 1539 501 [28

361 586 542 650 Annaeana
571 602 650 651 vero
680 582 836 650 sacrificii
865 582 1051 665 descriptio,
1082 587 1121 647 ut
1149 583 1234 648 hanc
1260 582 1369 663 priore
1391 582 1460 649 loco
1482 587 1538 650 ab·

360 687 531 768 solvamus,
552 685 654 752 nimia
676 683 864 752 subtilitate
888 689 987 750 aucta
1002 689 1036 750 et
1057 683 1260 766 amplificata
1274 684 1417 767 videtur,
1440 705 1536 767 quam

360 805 444 869 quoe
467 807 580 855 verum
601 788 691 854 111111
720 787 878 869 temporis
900 805 992 852 usum
1016 806 1055 853 ac
1077 787 1237 852 rationem
1260 786 1354 853 nobis
1384 787 1538 855 illustret.

360 891 425 958 Sed
447 897 561 957 nostra
576 890 742 957 sententia
764 909 806 955 ne
820 889 984 955 Pliniauis
999 889 1131 969 quidem
1146 889 1257 956 verbis
1279 889 1437 956 instituta
1451 910 1539 958 mere

359 995 508 1060 Romana
522 993 617 1060 nobis
633 995 820 1060 traduntur.
851 992 948 1058 Certe
971 991 1036 1057 iam
1051 992 1167 1057 mirum
1184 997 1279 1066 esset,
1301 992 1330 1058 si
1349 991 1431 1058 illud
1445 1011 1538 1060 omen

360 1103 427 1162 tam
449 1115 561 1179 grave,
580 1097 667 1176 quod
682 1095 886 1162 Octavianus
901 1094 1009 1160 Plinio
1031 1099 1119 1161 teste
1143 1094 1279 1177 accepit,
1302 1101 1428 1161 ceteros
1446 1095 1536 1163 illius

360 1199 436 1265 aevi
448 1199 624 1279 scriptores
635 1199 732 1278 plane
745 1197 923 1281 effugisset,
939 1197 995 1279 qui
1013 1196 1080 1263 alia
1095 1199 1182 1263 baud
1195 1198 1351 1281 graviora
1363 1197 1536 1264 Octaviani

361 1300 535 1382 extispicia
575 1299 819 1366 accuratissime
852 1301 1078 1367 observarunt.
1136 1301 1260 1366 Tamen
1293 1303 1536 1382 quomodocum-

361 1422 423 1484 que
445 1405 527 1468 haec
549 1421 603 1469 res
622 1421 658 1468 11
678 1404 789 1485 habet,
811 1403 845 1468 id
867 1421 926 1484 pro
943 1407 1031 1469 certo
1046 1402 1244 1484 proferatur,
1267 1405 1355 1484 apud
1374 1403 1537 1470 Romanos

359 1506 448 1572 fellis
471 1505 705 1586 inspectionem
733 1507 822 1570 haud
851 1508 985 1572 eandem
1008 1506 1162 1571 habuisse
1184 1506 1325 1587 priscam
1347 1505 1416 1572 vim
1438 1511 1536 1587 atque

359 1610 445 1691 apud
463 1608 614 1675 Graecos.
659 1608 783 1674 Horum
813 1607 899 1674 enim
928 1608 963 1673 in
990 1607 1162 1689 extispicio
1190 1609 1237 1688 fel
1266 1627 1393 1690 semper
1415 1608 1536 1675 refere-

360 1714 459 1778 batur
481 1713 523 1776 ad
545 1709 714 1793 proelium,
738 1727 809 1776 curu
832 1715 892 1776 aut
911 1710 1083 1778 victoriam
1106 1715 1165 1776 aut
1188 1711 1312 1777 cladem
1328 1711 1534 1794 interrogan-

315 1873 319 1910 5
359 1815 449 1880 tibus
472 1813 672 1896 iudicaret‚¹)
694 1813 729 1878 id
743 1815 829 1894 quod
845 1833 885 1878 ex
900 1833 962 1879 usu
977 1815 1118 1894 quodam
1132 1832 1221 1880 mero
1237 1813 1362 1880 Graeco
1378 1815 1538 1895 explicari

310 1913 319 2003 ζ’
360 1920 475 1998 potest.
528 1916 610 1982 Nam
640 1915 761 1982 Graeci
800 1917 1009 1981 contulerunt
1044 1921 1178 1998 propter
1211 1916 1460 1982 similitudinem
1491 1918 1538 1998 fel

360 2039 433 2085 eum
462 2017 575 2102 farai)
621 2037 685 2098 qua
718 2018 753 2083 in
787 2019 890 2083 altum
920 2018 1026 2083 eiecta
1062 2018 1192 2100 signum
1226 2021 1389 2085 dederunt
1419 2021 1536 2101 proelii

258 2123 262 2144 ²
360 2120 622 2205 committendis)
656 2120 836 2202 Perspicua
851 2120 957 2202 igitur
970 2120 1058 2186 fellis
1074 2120 1316 2203 interpretandi
1338 2124 1536 2189 offerebatur

360 2223 446 2291 ratio
468 2223 615 2305 Graecis,
637 2242 709 2288 cum
727 2222 882 2288 Romanis
904 2223 939 2288 in
962 2224 1114 2289 Pliniano
1137 2224 1325 2290 testimonio
1347 2226 1534 2307 Neptunum
1634 2261 1637 2264 ·
1745 2227 1746 2230 ’

360 2325 484 2393 auxilio
513 2344 633 2390 vocare
662 2344 742 2406 opus
773 2330 860 2392 esset
888 2328 930 2391 ad
960 2325 1267 2408 interpretationem
1299 2344 1383 2408 quae
1412 2328 1535 2394 nemini

360 2427 547 2495 satisfaciat
564 2430 828 2509 extorquendam.
865 2429 933 2494 Nec
948 2447 1013 2495 non
1028 2429 1185 2496 notabilis
1207 2436 1258 2496 est
1273 2431 1417 2498 hocloco
1432 2430 1536 2496 Plini·

360 2549 442 2597 anus
472 2549 550 2597 usus
580 2530 711 2597 dicendi
739 2530 917 2612 haruspices
942 2531 978 2595 id
1007 2531 1062 2616 (sc.
1092 2533 1151 2618 fel)
1179 2533 1326 2616 Neptuno
1356 2538 1385 2597 et
1420 2535 1538 2598 amorts

354 2635 510 2716 potentiae
556 2633 758 2716 dicavere,
795 2653 862 2715 qua
899 2654 978 2702 voce
1022 2635 1150 2699 dicandi
1185 2637 1240 2703 uel
1277 2655 1403 2702 summa
1442 2637 1535 2702 uobis

360 2737 489 2818 quidem
511 2741 660 2802 movetur
682 2736 823 2817 suspicio
845 2739 906 2802 hoc
928 2738 997 2803 loeo
1020 2737 1173 2804 Pliniano
1194 2757 1259 2806 nou
1289 2746 1421 2805 exstare
1442 2757 1535 2804 usum

358 2839 515 2905 Romanis
530 2840 742 2906 vernaculum
754 2842 812 2905 sed
826 2840 1036 2907 artificiosam
1052 2843 1214 2922 quandam
1229 2842 1535 2924 interpretationem

360 2947 394 3007 et
424 2943 552 3007 Graeco
582 2946 616 3006 et
637 2942 782 3007 Romano
811 2942 892 3009 ritui
916 2946 1116 3025 adaptatam.
1154 2944 1237 3009 Nam
1271 2944 1378 3012 inesse
1409 2944 1535 3026 aliquid

360 3045 521 3110 Graecum
555 3048 649 3124 patet
682 3064 723 3110 ex
756 3064 802 3128 eo,
835 3047 920 3126 quod
950 3046 997 3112 111
1031 3049 1072 3112 ad
1106 3047 1280 3112 victoriam
1313 3048 1465 3130 refertur,
1499 3053 1536 3113 ut

359 3145 478 3214 Graeci
511 3165 568 3212 suo
602 3166 689 3213 more
722 3150 879 3215 solebant.
935 3149 1152 3214 Romanorum
1186 3154 1297 3214 autem
1330 3150 1404 3214 usui
1438 3149 1535 3214 satis-

358 3251 482 3316 factum
498 3254 551 3315 est
568 3268 613 3334 eo,
629 3253 715 3331 quod
729 3251 776 3317 fel
795 3256 884 3316 certo
904 3252 963 3316 deo
979 3250 1074 3331 quasi
1085 3250 1317 3332 provincia-ita
1330 3249 1536 3333 attribuitur,

331 3349 336 3354 '
358 3357 395 3418 ut
418 3351 513 3434 signa
534 3351 583 3419 ibi
604 3352 679 3419 visa
701 3351 1535 3440 111111111111111111111111111111111114)

359 3455 423 3522 Sed
438 3473 635 3523 1111111111
650 3455 867 3520 Romanorum
883 3452 987 3520 fuisse
1002 3454 1088 3519 hanc
1111 3453 1198 3519 fellis
1220 3453 1455 3535 inspectionem
1474 3475 1534 3536 pro

358 3563 447 3624 certo
470 3559 629 3624 habemus
655 3557 840 3622 testimonio
862 3555 1060 3638 grauissimo
1079 3555 1245 3622 Ciceronis
1268 3555 1426 3622 commoti.
1471 3557 1536 3641 Qui

358 3660 412 3726 vir
423 3660 475 3725 bis
498 3659 532 3724 in
555 3661 655 3725 rebus
677 3657 924 3724 versatissimus
939 3657 974 3724 iu
988 3658 1073 3725 libro
1089 3661 1129 3725 de
1146 3659 1262 3724 111111
1284 3660 1326 3724 29
1341 3659 1430 3725 inter
1451 3661 1535 3725 exti-

358 3761 454 3842 spicii
476 3761 637 3827 elementa
660 3760 706 3825 fel
729 3759 859 3839 quidem
888 3766 1116 3827 commemorat
1139 3763 1198 3827 sed
1221 3763 1448 3845 gallinaceum,
1470 3781 1535 3828 non

358 3881 471 3930 aarum
502 3863 693 3944 hostiarum,
723 3881 808 3943 quae
837 3865 924 3944 apud
955 3864 1116 3931 Romanos
1150 3867 1380 3932 caedebantur.
1433 3865 1534 3930 Immo

358 3985 436 4032 vero
458 3965 548 4031 tauri
569 3965 677 4046 opimi,
700 3965 756 4045 qui
777 3964 888 4031 offerri
910 3966 1047 4048 solebat,
1069 3973 1240 4033 enumerat
1261 3969 1360 4050 iecur,
1383 3986 1445 4049 cor,
1465 3968 1533 4048 pul·

445 4136 465 4204 ¹)
484 4134 570 4188 Schol.
589 4133 685 4188 1111111.
704 4135 793 4189 Ρ111.
811 4135 870 4189 484.
977 4135 997 4204 ²)
1015 4135 1101 4191 Schol.
1120 4137 1185 4193 Eur.
1203 4137 1304 4192 Phoen.
1324 4137 1400 4191 1257.

445 4220 569 4291 1)811111.
593 4221 658 4276 Idur.
683 4221 783 4275 Phoen.
809 4221 883 4275 1377.
908 4253 942 4261 -
966 4222 1040 4290 Quae
1064 4223 1240 4278 Deeekius
1263 4223 1317 4278 11.
1341 4240 1367 4291 p.
1387 4222 1421 4276 70
1444 4223 1534 4277 adnot.

357 4308 548 4376 11911111
568 4307 659 4362 adnot.
678 4306 730 4360 260
753 4308 880 4376 apposuit
897 4309 993 4376 verba,
1017 4309 1051 4362 ad
1075 4325 1132 4363 rem
1151 4310 1339 4378 explicandam
1357 4307 1427 4362 nihil
1444 4308 1536 4362 valere

356 4409 405 4462 per
422 4408 450 4447 se
467 4400 553 4462 patet.
667 4392 688 4462 ⁴)
706 4393 765 4460 Qua
784 4394 817 4447 de
834 4410 863 4448 re
881 4394 944 4449 vide
962 4411 1020 4463 cap.
1039 4395 1091 4450 ΙΙΙ.
