3508 5068
318 386 381 450 212
778 383 913 452 Georgius
930 384 1045 439 Blecher
1442 387 1497 473 [42

318 555 551 623 Vitruvius
578 572 647 620 rem
675 553 740 620 sibi
769 553 1007 635 explanarent.
1050 554 1183 620 Laudat
1205 553 1289 620 enim
1313 555 1460 639 maiores,
1471 557 1496 641 1)

317 660 403 740 quod
423 656 585 739 pmarzbns
603 657 778 739 immolatis,
800 676 879 739 quae
896 656 1112 737 peramanter,
1142 658 1178 720 in
1202 658 1244 721 iis
1272 658 1354 736 toas,
1385 658 1497 738 quibus

316 766 372 824 ant
393 760 506 842 oppilla
521 765 577 823 aut
591 763 694 824 castra
710 760 821 824 statioa
843 759 1111 842 cananaeum,
1129 760 1331 840 insprm'ebant
1351 762 1496 844 lociana,

316 867 345 926 et
365 865 394 926 si
414 868 505 926 eram
537 862 634 927 liuida
660 868 689 926 et
716 863 826 926 uitiosa
850 863 965 944 primo,
998 862 1065 926 alia
1093 861 1294 926 immolabant
1322 863 1497 928 dubitantes

316 971 423 1029 utrum
467 965 569 1029 morbo
610 985 653 1028 an
695 965 808 1046 pabuli
843 966 916 1028 citio
959 965 1042 1029 laesa
1085 969 1192 1030 essent.
1236 985 1306 1028 cunr
1349 966 1497 1048 pluribus

315 1069 432 1150 capati
453 1073 543 1131 mant
563 1073 591 1130 et
615 1061 823 1150 probauerant
857 1069 1012 1149 inthram
1041 1073 1069 1130 et
1103 1067 1234 1132 solidam
1267 1072 1415 1132 naturam
1451 1071 1495 1132 io-

315 1173 452 1234 cinerum
501 1189 538 1233 en
580 1190 664 1250 aqua
699 1174 727 1234 ct
765 1171 890 1252 pabulo,
941 1170 987 1233 ibi
1035 1171 1257 1234 constituebant
1300 1173 1494 1255 muniamus,

314 1275 343 1336 si
364 1277 465 1336 antem
486 1274 596 1336 uitiosa
616 1272 818 1354 inveniebant,
839 1271 991 1335 indicium
1015 1272 1242 1352 transferebant
1263 1274 1335 1337 imm
1349 1274 1496 1339 bumanis

314 1375 492 1457 cmporrbus
508 1375 699 1456 pestilentem
718 1374 864 1453 futuram
885 1379 1058 1438 nascentem
1078 1375 1113 1437 in
1136 1374 1184 1438 nts
1206 1376 1279 1439 loeis
1300 1397 1400 1456 aquae
1422 1377 1494 1442 nlt-

314 1497 373 1560 qne
394 1480 512 1560 copiam
535 1482 563 1540 et
583 1479 628 1542 ita
643 1477 910 1558 transmiprabant
928 1481 957 1540 et
979 1477 1140 1540 mutabant
1161 1477 1301 1558 ropiones
1315 1486 1495 1559 quaerentes

314 1582 455 1646 omnbus
477 1581 569 1646 rebus
583 1581 804 1646 salubritatem.
849 1581 934 1646 Val.
955 1579 1162 1646 Maximus
1182 1579 1265 1645 dicit
1288 1582 1329 1646 de
1351 1582 1494 1662 prisco

313 1685 469 1752 instituto
482 1684 670 1766 inquirendi
679 1685 734 1750 vel
746 1683 833 1749 extis
845 1685 900 1750 vel
912 1682 1092 1768 sortibusr)
1115 1681 1296 1748 'liberius
1320 1682 1493 1765 impera·

313 1793 382 1855 tor
410 1794 498 1854 teste
520 1787 676 1854 Suetonio
687 1787 712 1867 3)
740 1787 918 1870 haruspices
945 1790 1055 1850 secreto
1084 1806 1120 1849 ac
1141 1787 1208 1849 sine
1229 1785 1353 1849 testibus
1375 1788 1495 1851 consuli

312 1892 413 1956 vetnit.
463 1892 559 1958 Unde
590 1890 810 1957 concludimus
833 1889 939 1970 ipsam
963 1887 1191 1970 extispicinam
1224 1887 1329 1954 fuisse
1358 1889 1493 1969 permis·

314 2012 399 2075 sam,
423 1996 592 2059 dummodo
614 1997 720 2059 testes
751 1992 996 2058 adhiberentur.
1047 1991 1160 2056 Etiam
1182 1991 1289 2056 Nero
1312 1991 1493 2073 imperator

309 2097 421 2176 paum's
453 2099 526 2158 ante
558 2099 684 2158 mortem
717 2093 871 2157 menalus
902 2093 1033 2157 otendit
1068 2094 1269 2179 cniisplcio.⁴)
1313 2096 1426 2176 Atque
1458 2095 1494 2161 in

313 2196 557 2262 Onosandri
590 2196 675 2262 libro
706 2195 763 2277 qui
791 2194 1003 2280 Στρατηγικός
1032 2195 1226 2261 inscribitur
1255 2216 1411 2278 expresse
1433 2197 1492 2264 im-

311 2299 467 2381 peratori,
487 2303 526 2363 ut
548 2303 627 2364 ante
649 2299 807 2379 proelium
832 2298 1098 2364 committendum
1122 2303 1200 2364 exta
1223 2299 1380 2381 inspiciat
1402 2320 1491 2367 man·

313 2402 450 2488 aalma)
476 2401 624 2467 Seneca
639 2401 779 2467 Neronis
797 2400 965 2484 magister,
988 2404 1113 2466 uteret
1129 2401 1297 2486 Stoicus,
1313 2402 1492 2486 diligenter

311 2504 483 2571 materiam
491 2510 638 2571 nostram
649 2504 827 2586 tractavit,
842 2505 930 2586 apud
941 2523 1015 2570 eum
1025 2504 1125 2584 plane
1136 2504 1296 2570 insertum
1308 2505 1492 2574 invenimus

311 2607 522 2689 extispicium
551 2607 585 2673 in
623 2607 739 2674 seriem
768 2606 998 2690 prodigiorum.
1050 2607 1206 2691 Legimus
1240 2608 1324 2673 enim
1357 2607 1491 2691 Quaest.

311 2717 377 2777 nat
399 2711 436 2776 II
456 2713 512 2778 34:
545 2711 701 2792 Quicquid
721 2717 799 2794 ecta,
821 2710 1057 2792 quinquennes
1078 2713 1251 2788 minantur,
1273 2709 1405 2774 seeundo
1422 2711 1490 2792 ful-

311 2815 393 2877 mine
414 2813 590 2879 abolebitur.
636 2813 791 2897 Qoricqnicl
810 2814 945 2893 fulmine
966 2813 1183 2878 denuntiatum
1204 2817 1248 2876 est
1268 2833 1323 2876 nec
1338 2815 1415 2878 estis
1435 2834 1490 2878 nec

311 2936 365 2979 ace
378 2918 538 2980 contraria
552 2917 714 2996 refellitur.
755 2917 826 2982 Iam
847 2916 882 2982 in
898 2917 1070 2998 propatulo
1091 2916 1184 2983 nobis
1207 2922 1267 2998 est,
1291 2936 1349 2983 cur
1370 2917 1406 2983 in
1421 2922 1490 2984 tra·

310 3017 435 3102 goediis
458 3036 586 3098 quoque
610 3018 775 3099 extispicii
797 3019 1068 3084 commemorandi
1102 3024 1136 3085 et
1165 3019 1342 3086 artificiose
1370 3021 1490 3087 deseri·

309 3120 408 3187 bendi
426 3121 549 3186 nullam
568 3120 828 3201 praetermiserit
843 3111 1087 3203 occasionem.'⁰)
1110 3121 1254 3187 Senecae
1269 3123 1490 3205 consobrinus,

308 3214 507 3289 Lucanus
521 3229 627 3306 poeta,
643 3224 755 3288 eadem
767 3223 802 3287 in
814 3227 1016 3289 reversatus
1032 3228 1092 3305 θεῖ,
1108 3225 1194 3303 quod
1205 3225 1392 3290 ostenditur
1406 3225 1489 3291 exti-

310 3326 406 3408 spicii
426 3325 605 3393 artificiosa
620 3324 847 3409 descriptione,
862 3344 959 3406 qnam
978 3325 1119 3406 protulit
1134 3325 1315 3391 PharsalI
1330 3327 1488 3407 areseqq.

311 3431 433 3496 Contra
453 3428 687 3496 Petronius
709 3429 903 3512 Arbiter,
926 3430 1039 3494 eodem
1061 3430 1154 3494 modo
1177 3447 1240 3509 quo
1261 3428 1298 3493 in
1312 3428 1489 3495 Pharsalia

308 3532 464 3613 impetum
487 3532 614 3598 faceret
636 3532 716 3618 (Sat.
737 3532 819 3617 118),
839 3530 1049 3614 extispicium
1065 3549 1192 3612 quoque
1207 3550 1227 3597 a
1241 3531 1376 3598 Lucano
1391 3535 1488 3598 tanta

308 3635 481 3716 voluptate
501 3639 692 3701 exornatum
716 3634 821 3701 illusit
840 3634 891 3700 his
912 3633 1038 3702 verbis:
1068 3635 1184 3698 recluso
1203 3637 1322 3716 pectore
1343 3635 1488 3719 (mens)

307 3737 442 3799 cntranit
460 3736 671 3815 famnsimam
690 3738 776 3800 maur
789 3741 818 3800 et
831 3736 904 3800 inde
920 3737 997 3800 milri
1009 3736 1124 3815 futura
1133 3735 1330 3820 maumas)
1367 3737 1487 3806 Colu-

308 3839 450 3920 mella,
479 3856 588 3903 rerum
613 3838 813 3904 rusticarum
837 3839 984 3922 scriptor,
1013 3839 1110 3921 plane
1133 3839 1274 3921 despicit
1295 3841 1487 3923 haruspices

309 3940 464 4008 similiter
494 3945 595 4022 etque
629 3942 725 4025 Cata,
770 3943 845 4022 qnia
877 3963 958 4006 cana
990 3943 1205 4026 superstitione
1239 3943 1331 4008 rudos
1366 3944 1487 4008 animos

307 4043 351 4108 ad
374 4045 530 4125 impensas
558 4064 594 4108 ac
619 4043 759 4126 danaeps
790 4045 833 4108 acl
858 4044 981 4127 flapitia
1010 4046 1229 4131 compellunt.⁸)
1277 4046 1343 4114 Sed
1371 4046 1486 4112 iisdem

396 4181 416 4245 ¹)
433 4181 475 4236 De
492 4181 676 4236 architectura
693 4182 708 4235 Ι
725 4182 749 4250 4,
768 4181 792 4235 9.
903 4181 1044 4251 ²)11,1.
1144 4181 1164 4252 ³)
1183 4181 1242 4238 Tib.
1261 4181 1302 4250 63,

393 4266 415 4334 ⁴)
432 4265 507 4322 Suet.
524 4267 594 4322 Nero
611 4266 653 4320 56.
741 4266 762 4335 ὓ)
780 4267 805 4320 Χ
824 4266 865 4320 10.
947 4267 969 4335 ⁶)
987 4267 1020 4322 V.
1039 4283 1122 4335 supra
1139 4284 1165 4336 p.
1184 4266 1225 4321 18.
1314 4265 1486 4335 7)8θῖ.1117.

394 4352 415 4420 ⁸)
432 4353 473 4407 De
491 4368 520 4406 re
537 4357 605 4408 rust.
625 4353 639 4406 I
656 4351 681 4420 8,
698 4353 724 4407 6.
