3508 5068
344 385 405 450 192
799 381 934 450 Georgius
951 381 1066 436 Blochor
1467 386 1522 474 [22

427 555 546 620 Mart.
577 553 668 634 cap.
690 553 726 618 II
754 554 831 620 151:
866 551 1097 634 Aruspicio
1129 557 1229 620 exta
1261 551 1522 622 fissicnlant

341 655 616 723 admonentis
639 656 854 736 quaedam.

429 793 541 860 Serv.
564 795 607 858 ad
626 792 725 875 Verg.
741 792 859 873 Georg.
875 791 929 856 111
949 791 1025 857 489:
1049 790 1213 874 colligi
1236 792 1343 857 enim
1365 793 1521 860 nisiex

342 915 446 962 sena
468 893 648 963 victima
670 893 820 960 futura
842 912 921 958 non
943 897 1132 975 possunt.

427 1032 541 1098 Lact
563 1031 675 1096 Plac.
705 1032 748 1095 ad
777 1029 860 1095 Stat.
883 1029 985 1095 rhen
1007 1029 1057 1096 lV
1085 1031 1164 1095 468:
1194 1032 1259 1095 Ars
1283 1035 1393 1096 autem
1423 1031 1521 1098 haru-

342 1134 469 1216 spicina
491 1135 551 1199 hoc
573 1134 684 1216 habet,
707 1137 745 1198 ut
766 1137 801 1198 et
816 1132 901 1198 turis
916 1136 1022 1198 motus
1045 1138 1079 1198 et
1095 1132 1240 1213 crepitus
1264 1137 1299 1198 et
1317 1132 1398 1198 fumi
1413 1139 1520 1201 motus

342 1241 377 1302 et
398 1236 503 1302 flexus
526 1235 670 1317 colligat,
693 1234 846 1315 quoniam
868 1235 952 1301 haec
973 1233 1113 1316 primum
1137 1233 1233 1316 signa
1266 1240 1324 1300 eut
1352 1239 1521 1303 testantur

342 1343 517 1405 extorum
533 1335 713 1421 promissis,
727 1336 756 1402 si
771 1340 857 1404 bena
873 1337 951 1420 sint,
973 1341 1042 1419 ant,
1057 1336 1087 1401 si
1102 1336 1276 1420 contraria,
1298 1337 1520 1420 refragantur.

427 1475 542 1541 Lact.
572 1476 680 1540 Plac.
711 1474 754 1539 ad
782 1473 866 1540 Stat.
897 1475 999 1539 Theb.
1028 1475 1059 1540 V
1089 1475 1166 1539 176:
1204 1473 1283 1540 Est
1311 1477 1520 1555 quoddam

343 1578 386 1643 in
409 1577 523 1643 extis
553 1577 739 1660 signum,
770 1579 876 1657 quod
907 1579 1008 1642 deus
1037 1576 1302 1658 appellatur.
1331 1579 1454 1662 quod,
1482 1578 1520 1645 si

343 1680 560 1763 integrum
582 1679 856 1762 apparuerit,
882 1678 1120 1762 propitium
1141 1698 1290 1745 numen
1312 1680 1521 1764 ostendit;

342 1782 412 1848 sin
434 1801 533 1849 vero
564 1781 797 1865 dimidium,
830 1782 990 1849 iratum
1014 1781 1249 1864 significat
1276 1801 1427 1848 numen
1448 1789 1521 1850 aut

343 1889 461 1950 certa
483 1903 563 1951 non
585 1903 804 1965 praesens.

428 2038 690 2120 Fulgentius
718 2057 748 2119 p.
777 2039 847 2120 112,
879 2040 917 2103 11
949 2038 1060 2105 Helm:
1095 2039 1205 2105 Labeo
1238 2038 1293 2118 qui
1328 2037 1520 2121 disciplinas

344 2140 555 2206 Etruscas
585 2140 723 2222 Tagetis
753 2144 787 2205 et
815 2139 978 2206 Bacitidis
1008 2139 1192 2221 quindecim
1224 2140 1442 2208 voluminibus
1464 2159 1519 2206 ex·

343 2241 506 2323 ploravit,
528 2242 579 2307 ita
601 2241 666 2307 ait:
688 2241 862 2308 ‘Fibrae
891 2241 1054 2308 iecoris
1077 2244 1272 2309 sanderacei
1300 2242 1416 2310 celcris
1445 2246 1521 2309 dum

342 2342 476 2427 fuerint,
498 2344 645 2410 manales
667 2348 747 2409 tunc
770 2363 902 2411 verrere
924 2363 1005 2426 opns
1027 2351 1079 2411 est
1101 2347 1233 2428 petras?

428 2498 527 2564 Isid.
550 2497 661 2582 Origg.
684 2499 736 2565 XI
760 2501 792 2564 l:
822 2499 981 2565 Fibrae
1004 2499 1165 2566 iecoris
1187 2505 1286 2567 sunt
1316 2499 1520 2589 extremi*-

325 2605 457 2668 tates
480 2600 595 2669 sicut
617 2606 833 2670 extremae
859 2607 1008 2686 partes
1031 2602 1233 2669 foliorum
1263 2603 1305 2668 in
1334 2602 1519 2685 vitibus,

223 2796 226 2805 1
342 2703 435 2771 sive
457 2705 578 2786 quasi
599 2705 774 2788 linguae
797 2706 1047 2772 eminentes.

428 3149 492 3234 Qui
521 3150 628 3218 obiter
657 3155 787 3218 tantum
817 3151 996 3233 perlegerit
1025 3149 1084 3215 illa
1113 3149 1312 3230 testimonia,
1345 3147 1521 3212 mirabitur

342 3251 414 3318 sine
437 3253 543 3336 dubio,
566 3254 732 3322 artissimo
750 3253 881 3322 vinculo
903 3258 938 3319 et
953 3253 1100 3319 Graecas
1123 3256 1157 3316 et
1171 3251 1336 3316 Romanas
1352 3247 1520 3330 opiniones

341 3354 493 3436 plurimis
515 3356 550 3423 in
572 3359 670 3424 rebus
691 3376 763 3424 esse
781 3374 953 3423 connexas.
990 3354 1065 3437 Qua
1079 3352 1297 3419 similitudine
1312 3351 1436 3417 iactum
1460 3357 1520 3434 est,

342 3462 380 3524 nt
399 3459 615 3527 Deeckius
639 3478 766 3541 queque
788 3458 918 3540 longius
935 3456 1147 3523 coniectando
1162 3459 1338 3538 provectus
1361 3457 1519 3521 adunam

341 3559 464 3628 fontem
475 3562 648 3643 utriusque
660 3561 772 3644 pepuli
781 3560 1156 3642 extispiciumreducere
1164 3556 1346 3643 voluerio.1)
1362 3558 1521 3624 Attamen

342 3664 531 3730 accuratius
539 3664 574 3729 in
584 3666 669 3730 hanc
680 3682 748 3729 rem
760 3661 1005 3743 inquirentibus
1015 3661 1110 3727 nobis
1122 3659 1342 3744 gravissimae
1354 3661 1521 3727 obsistunt

341 3781 471 3847 causae,
493 3783 535 3830 ne
558 3764 780 3831 assentiamur
799 3763 838 3846 ei,
861 3783 959 3844 quam
975 3763 1032 3830 ille
1054 3762 1220 3846 professus
1244 3767 1303 3845 est,
1325 3763 1520 3830 sententiae.

342 3869 440 3948 Apud
469 3866 612 3933 Graecos
648 3866 735 3931 enim
769 3866 812 3931 ab
842 3865 1060 3949 extispicibns
1098 3871 1190 3932 certa
1224 3870 1386 3947 quaedam
1424 3864 1522 3948 signa

342 3969 443 4034 certis
479 3969 757 4049 nuncupabantur
789 3967 989 4051 nominibus,
1020 3987 1106 4049 quae
1134 3987 1176 4034 ex
1205 3969 1372 4052 Hesychia
1406 3966 1519 4051 eliisl)

343 4076 509 4152 comperta
520 4071 688 4137 habemus.
718 4071 840 4137 Contra
854 4071 889 4136 in
900 4071 1123 4137 Romanorum
1137 4070 1336 4138 testimoniis
1358 4086 1520 4150 nusquam

342 4173 408 4239 nisi
429 4173 602 4256 perpaucis
632 4172 712 4239 locis
734 4173 916 4240 recentiore
946 4191 1027 4240 aevo
1050 4173 1247 4256 conscriptis
1266 4172 1520 4241 invenitur-ali-

342 4315 376 4326 ,-

368 4332 371 4337 ¹
431 4359 450 4429 ¹)
468 4359 502 4415 V·
521 4375 604 4429 supra
620 4376 646 4429 l·
665 4361 690 4414 2·
791 4359 812 4428 ')
831 4361 864 4415 V.
884 4376 966 4429 supra
983 4377 1009 4429 p.
1028 4359 1062 4414 10
1070 4375 1124 4428 seq.
