3508 5068
235 394 291 482 49]
632 392 673 447 Dc
691 391 838 461 extispicio
859 392 951 460 capita
969 393 1024 446 triu
1355 396 1420 464 219

235 567 437 648 explicemus
449 565 484 651 1),
514 583 573 631 our
594 564 680 630 idern
704 564 836 646 signnm
865 565 959 630 modo
989 563 1103 632 tristia
1124 563 1298 648 significet
1326 570 1420 636 modo

233 668 367 733 (11111111
395 687 497 732 coros.
548 665 578 732 E
600 670 716 732 nostra
745 671 857 732 autem
887 665 1107 747 explicatione
1135 667 1329 749 simpliciter
1356 671 1420 740 sol-

236 777 334 839 vetur
356 770 523 853 quaestio,
554 788 684 836 caesum
712 768 799 836 enim
822 773 922 849 caput
944 769 1089 835 ostendit
1117 770 1258 838 discindi
1285 771 1420 855 aliquid,

235 876 323 956 quod
352 874 387 940 in
411 891 568 954 suspenso
591 872 700 938 adhuc
728 875 811 938 erat.
854 872 954 954 Ergo,
983 871 1180 953 ubicumque
1212 873 1420 942 referendum

235 976 303 1043 fuit
325 981 369 1042 ad
391 975 564 1056 imperium
586 973 691 1041 vitam
713 973 805 1058 talia,
838 973 951 1040 tristia
979 975 1194 1058 praemonuit,
1224 976 1282 1044 ubi
1309 980 1420 1044 autem

235 1081 281 1146 ad
296 1098 402 1160 curas,
423 1083 547 1144 metum
568 1077 690 1143 similia
712 1079 825 1144 eodem
846 1079 939 1144 modo
960 1078 1044 1144 haec
1059 1077 1192 1144 diremit
1205 1079 1237 1146 11.
1252 1098 1278 1145 1.
1292 1080 1419 1146 laetum

238 1181 394 1264 praebuit
416 1181 554 1263 signum.
598 1180 710 1246 Talem
735 1198 844 1246 rerum
867 1180 1070 1246 concordiam
1092 1181 1159 1248 iam
1180 1182 1315 1248 remotis
1338 1188 1419 1250 teru-

237 1284 370 1366 poribus
393 1288 426 1350 et
449 1285 537 1365 apud
557 1283 669 1350 varios
695 1283 829 1365 populos
858 1287 1052 1364 usurpatam
1081 1302 1152 1350 esse
1181 1288 1283 1365 atque
1312 1285 1419 1352 adhuc

154 1437 157 1444 .
237 1387 391 1468 usurpari
413 1389 455 1452 ad
478 1391 610 1454 ostenta
631 1387 884 1468 interpretanda
905 1387 1072 1468 permulta
1101 1386 1194 1454 nobis
1216 1388 1419 1468 praebentur

235 1483 392 1571 exempla
445 1573 448 1579 Ι

322 1609 387 1675 Sed
405 1610 597 1690 priusquam
619 1611 701 1673 haec
718 1607 869 1687 exempla
892 1606 1111 1690 1111111111),
1133 1608 1234 1672 liceat
1248 1609 1419 1675 occasione

235 1713 319 1778 data
342 1714 383 1777 dc
405 1730 484 1777 voce
501 1713 593 1774 litore
607 1728 715 1790 agere.
760 1708 843 1772 Nam
858 1713 896 1772 ut
911 1707 1105 1789 scriptorum
1121 1713 1271 1775 veterum
1288 1714 1420 1775 utamur

234 1833 324 1881 more
340 1813 480 1894 dicendi,
501 1811 596 1879 bonis
614 1810 668 1878 vel
682 1809 780 1875 laetis
794 1809 880 1875 extis
895 1809 1051 1893 litabatur,
1073 1809 1225 1877 tristibus
1236 1812 1418 1892 perlitatum

235 1937 300 1980 oon
321 1921 372 1979 est.
416 1915 463 1979 Et
485 1914 524 1979 G.
547 1913 753 1980 Wissowa
781 1912 817 1978 in
845 1912 946 1994 libro,
976 1912 1033 1993 111
1060 1911 1253 1980 inscribitur
1274 1913 1419 1996 Relipioa

236 2017 306 2080 111
326 2016 447 2080 Kettos
474 2014 531 2078 der
550 2014 667 2078 Rtmer
678 2013 703 2100 ⁸)
734 2033 752 2080 e
773 2015 834 2081 hoc
864 2015 953 2082 vocis
983 2014 1097 2079 litandi
1125 2034 1187 2082 usn
1219 2016 1418 2084 sententiam

238 2122 280 2185 de
309 2117 429 2184 iecoris
460 2118 571 2200 capite
602 2116 768 2183 deficienti
794 2122 828 2183 et
858 2120 899 2183 de
927 2117 1067 2184 Romani
1089 2118 1288 2200 Etruscique
1311 2120 1418 2187 cultus

237 2221 368 2288 ratione
401 2227 436 2286 et
470 2225 628 2286 concentu
660 2220 782 2286 statuit
803 2221 904 2287 hanc:
928 2221 1058 2288 censuit
1087 2222 1189 2306 eninr,
1228 2227 1328 2305 atque
1358 2223 1419 2289 hoc

236 2323 309 2390 sine
331 2323 428 2390 dubio
457 2329 564 2407 recte,
593 2323 776 2389 litationem
813 2343 937 2390 merum
958 2323 1177 2391 Romanorum
1211 2345 1305 2392 nsum
1337 2344 1418 2410 csse,

234 2425 388 2507 quoniam
410 2429 497 2508 apud
521 2427 664 2493 Arvales
680 2426 804 2492 iratres
826 2426 1035 2513 inveniturf)
1079 2428 1144 2494 Sed
1166 2427 1309 2492 fortasse
1330 2430 1419 2493 haud

236 2533 328 2596 recte
350 2528 439 2612 fecit,
473 2531 560 2610 quod
581 2529 711 2595 omnino
740 2546 806 2592 non
835 2527 995 2593 disiunxit
1023 2527 1209 2593 litationem
1238 2529 1418 2594 Romanam

236 2635 271 2698 et
285 2631 496 2714 extispicium
510 2632 698 2696 Etruscum.
720 2629 803 2694 Nam
818 2627 965 2694 litationi
980 2628 1166 2695 vindicavit
1181 2629 1312 2711 signum
1326 2629 1418 2714 illud,

236 2737 323 2815 quod
345 2736 380 2799 in
396 2732 625 2801 artificiosiore
639 2735 770 2798 tantum
794 2729 966 2812 extispicio
981 2731 1124 2797 occurrit
1138 2750 1181 2797 so.
1197 2737 1298 2813 caput
1319 2732 1418 2799 iecori

235 2836 401 2918 deficiens,
423 2853 486 2916 111
504 2835 551 2918 fit,
573 2841 611 2900 nt
634 2834 750 2900 exinde
772 2833 860 2899 inter
875 2838 1051 2914 utrumque
1074 2833 1217 2918 disiungi
1233 2835 1332 2918 plane
1352 2853 1418 2901 non

237 2938 380 3023 1111111)
425 2937 512 3004 Sane
538 2937 573 3002 in
601 2940 751 3004 veterum
781 2935 978 3002 testimoniis
1007 2936 1089 3017 ipsis
1117 2937 1311 3019 saepissime
1335 2939 1418 3006 haec

237 3040 373 3106 additur
393 3057 501 3122 causa,
524 3058 582 3105 our
604 3038 724 3120 aliquis
746 3057 809 3105 non
828 3038 989 3122 litaverit,
1011 3039 1164 3120 quoniam
1185 3041 1219 3106 in
1243 3040 1417 3123 extispicio

237 3141 856 3228 1111111111111111111111111111111)
878 3146 971 3224 capot
988 3143 1024 3206 ta
1037 3143 1134 3207 decore
1155 3143 1307 3224 1111111111.
1352 3143 1418 3210 Sed

237 3246 328 3311 haud
358 3245 551 3312 crediderim
573 3243 775 3329 litationem,
813 3263 933 3311 morem
963 3263 1051 3311 mere
1073 3247 1263 3328 Romanum,
1291 3245 1417 3312 indicia

238 3367 300 3414 sua
322 3348 541 3429 desumpsisse
563 3349 605 3414 ab
627 3348 768 3414 Etrusco
790 3346 972 3429 extispicio.
1029 3347 1112 3413 Nam
1143 3366 1307 3413 sumamus
1339 3347 1416 3413 lita·

236 3450 363 3518 tionem
403 3450 492 3517 illam
533 3451 713 3517 Romanam
751 3450 850 3531 plane
890 3452 933 3516 ad
973 3451 1103 3515 easdem
1146 3466 1200 3514 res
1242 3453 1417 3531 spectasse,

238 3557 340 3634 atque
362 3554 575 3619 Etruscorum
605 3551 830 3633 extispicium:
859 3555 928 3616 tum
959 3551 1213 3616 concludendum
1236 3549 1329 3616 nobis
1356 3555 1416 3634 est,

239 3655 368 3722 omnino
405 3674 486 3737 opus
522 3674 587 3721 non
623 3654 727 3721 fuisse
762 3652 920 3718 Romanis
955 3652 1168 3719 Etruscorum
1209 3652 1416 3734 extispicium

237 3755 398 3840 accipere,
431 3758 465 3822 id
494 3759 580 3838 quod
609 3775 730 3824 revera
759 3754 884 3821 facturn
917 3773 988 3822 esse
1021 3755 1109 3822 inter
1142 3773 1252 3822 omnes
1277 3760 1416 3822 constat.
1449 3830 1451 3834 ¹

237 3859 329 3942 Ergo
362 3858 452 3924 inter
480 3864 655 3940 utrumque
684 3876 803 3925 morem
833 3862 910 3924 erat
945 3857 1078 3939 aliquod
1106 3857 1298 3942 discrimen,
1331 3861 1417 3940 quod

238 3961 336 4043 quale
372 3959 491 4043 fuerit,
516 3961 558 4027 ab
593 3961 785 4028 auctoribus
820 3979 886 4027 non
920 3960 1074 4027 traditur.
1128 3963 1288 4028 Attamen
1322 3961 1416 4028 nobis
1512 4007 1515 4013 ·

325 4199 345 4269 ¹)
364 4201 404 4255 Ol.
422 4200 558 4256 Deeclre
574 4200 592 4254 1.
610 4200 628 4256 l.
647 4217 673 4269 p.
691 4201 790 4268 11111.
895 4200 915 4270 1)
934 4202 967 4256 V.
985 4201 1058 4256 infra
1075 4218 1101 4270 p.
1119 4200 1220 4269 14111.

324 4285 346 4356 1)
364 4303 390 4354 p.
408 4285 466 4340 353.
605 4285 627 4355 1)
646 4286 705 4340 ctu
723 4286 765 4341 VI
782 4284 850 4340 2104
857 4302 881 4353 a,
899 4286 1015 4354 231111.
1160 4287 1181 4355 1)
1199 4303 1224 4355 p.
1242 4285 1372 4342 3121111.
1390 4289 1416 4342 2.

322 4371 345 4440 1)
361 4371 422 4427 1111.
440 4371 505 4426 XLI
523 4371 563 4426 15.
1313 4382 1317 4394 ·

289 4472 608 4529 Religionsgeschiohtliclre
621 4473 741 4520 Versucho
754 4484 777 4517 1.
790 4473 948 4520 Vorarbeiten
961 4475 992 4519 11.
1227 4457 1260 4510 15
