3508 5068
236 463 290 548 35]
633 463 673 516 De
691 461 833 530 extispicio
851 462 942 530 capite
959 463 1013 517 tria
1352 467 1416 532 205

237 655 308 697 οιαι
330 631 482 719 ἀλλήλῃσι
503 633 694 714 τυγχάνουσι
715 629 861 717 ἐοῦσαι.)
906 631 1050 713 Cumque
1071 633 1203 715 saepius
1219 634 1418 702 Graecorum

236 736 395 803 instituta
418 737 460 801 ab
476 733 654 817 Aegyptiis
673 739 815 817 repetat,
837 753 902 799 non
921 734 1080 801 miramur
1093 736 1186 802 illurn
1210 735 1417 819 extispicium

237 858 365 920 quoque
388 837 590 904 Graecorum
623 837 666 903 ab
688 836 867 920 Aegyptiis
898 837 1066 905 derivasse
1089 838 1140 905 his
1168 839 1295 906 verbis:
1331 836 1421 904 Ἔστι

238 937 273 1004 δὲ
297 941 352 1004 καὶ
373 949 437 1002 τῶν
459 937 722 1024 {pennipotentum}
744 937 803 1002 ἅττ)
821 938 989 1020 Αἰγύπτου
1011 939 1208 1027 ἀπιγμένοι)
1230 942 1300 1009 Alii
1322 947 1420 1025 puta·

236 1045 321 1111 bant
344 1042 481 1126 cyprios
497 1042 666 1109 invenisse
682 1045 767 1109 hanc
783 1047 897 1126 artem,
908 1042 933 1129 ²)
956 1062 1028 1109 cnm
1044 1045 1181 1111 Tacitus
1203 1046 1419 1112 recentiorem

237 1145 367 1226 quidem
388 1145 508 1210 famam
531 1149 673 1227 secutus,
695 1151 734 1210 ut
754 1145 826 1226 ipse
850 1145 940 1228 dicit,
970 1152 1085 1212 narret
1115 1146 1150 1212 in
1178 1147 1288 1213 insula
1311 1148 1417 1231 Cypro

239 1247 413 1314 scientiam
436 1251 606 1327 artemque
627 1247 838 1328 haruspicum
861 1247 1007 1330 viguisse
1038 1268 1075 1314 eo
1105 1250 1242 1317 allatam
1272 1250 1418 1317 addice
1485 1319 1489 1324 ,

237 1350 407 1434 Tamira.³)
430 1349 582 1429 Denique
597 1349 673 1415 miri
687 1349 771 1415 nihil
787 1351 891 1416 habet
904 1338 965 1416 hoc
981 1369 1108 1431 quoque
1125 1351 1298 1418 divinandi
1313 1372 1417 1436 genus

237 1451 412 1520 Chaldaeis
435 1452 634 1518 attributum
664 1471 736 1519 esse
751 1452 991 1519 inventoribus.
1004 1453 1030 1539 ι)
1074 1454 1167 1521 Haec
1189 1462 1269 1521 sunt
1291 1457 1331 1520 de
1353 1455 1417 1521 ori-

235 1554 313 1637 gine
334 1554 546 1636 haruspicum
569 1555 653 1620 artis
675 1554 872 1637 testimonia,
894 1574 977 1636 quae
1008 1555 1117 1621 omnia
1145 1557 1305 1639 imprimis
1327 1557 1417 1639 cupi-

235 1662 296 1723 unt
318 1659 543 1723 demonstrare
565 1657 663 1721 unius
686 1656 752 1722 viri
775 1656 829 1722 vel
843 1656 954 1737 populi
969 1657 1134 1738 sapientia
1155 1658 1325 1724 inventam
1346 1677 1418 1724 esse

235 1759 443 1840 disciplinam
464 1758 563 1824 illam.

320 1863 390 1927 Iam
410 1879 490 1928 vero
512 1860 607 1926 nobis
630 1879 648 1925 e
670 1859 869 1925 testimoniis
892 1865 943 1925 est
963 1860 1190 1944 colligendum,
1213 1861 1293 1943 quid
1316 1865 1357 1928 de
1379 1883 1415 1928 re

126 1969 129 1972 ’
234 1965 309 2045 ipsa
332 1962 522 2030 censuerint
551 1967 689 2029 ueteres.
734 1963 781 2028 Ut
803 1961 958 2043 incipiam
987 1982 1008 2028 a
1030 1963 1196 2044 philosc
1204 1964 1320 2047 phis,
1342 1963 1417 2030 illos

234 2085 293 2147 per
315 2084 351 2131 se
373 2069 478 2148 patet,
500 2070 537 2130 ut
559 2083 716 2130 summam
732 2066 940 2146 appetebant
955 2065 1134 2150 scientiam,
1157 2066 1320 2149 insignem
1343 2086 1418 2148 ope-

235 2187 305 2233 ram
327 2186 480 2250 nauasse‚
512 2171 551 2232 ut
580 2167 816 2248 perspicerent,
846 2172 960 2233 utrum
989 2172 1078 2234 esset
1107 2187 1226 2235 revera
1257 2169 1417 2236 divinatio

234 2289 345 2336 necne.
390 2270 534 2352 Quorum
557 2269 744 2349 antiquiore
768 2270 900 2350 quidem
923 2289 1007 2337 aevo
1031 2270 1088 2352 qui
1110 2271 1246 2337 fuerunt
1269 2274 1309 2337 de
1333 2271 1417 2338 divi·

234 2372 367 2439 natione
390 2371 425 2437 in
447 2372 636 2439 universum
659 2377 815 2452 spectata
838 2373 1011 2453 disputare
1041 2375 1157 2438 solent.
1202 2374 1282 2439 Cum
1305 2379 1416 2439 autem

234 2475 301 2540 illis
314 2492 442 2555 quoque
456 2473 659 2555 temporibus
676 2473 885 2555 extispicium
901 2475 973 2539 sine
984 2468 1082 2540 'dubio
1094 2474 1303 2540 tritissimum
1319 2481 1417 2558 esset,

234 2578 324 2642 haud
338 2575 463 2642 iniuria
486 2594 678 2641 censeamus
701 2577 761 2640 sub
785 2593 865 2642 voce
887 2574 1020 2659 μαντική
1049 2577 1090 2641 ab
1118 2575 1185 2641 illis
1215 2576 1340 2642 usitata
1363 2579 1420 2643 uel

234 2679 295 2745 hoc
311 2677 484 2744 divinandi
507 2696 610 2761 genus
633 2695 706 2742 esse
729 2676 1008 2759 comprehensum.
1052 2678 1159 2760 Quam
1180 2677 1330 2762 μαντικὴν
1351 2678 1417 2744 iam

236 2780 374 2862 Chilo,
396 2779 451 2860 qui
473 2780 509 2844 in
530 2782 655 2860 septem
678 2779 876 2860 sapientium
897 2780 1045 2844 habetur
1065 2799 1209 2864 numere,
1231 2781 1282 2846 his
1305 2780 1417 2847 uerbis

236 2883 480 2948 commendasse
503 2880 639 2946 dicitur:
661 2878 811 2964 μαντικὴν
831 2878 875 2965 μ)
898 2875 1100 2967 ἐχθαίρειν.)
1145 2883 1416 2966 Pythagoras

234 2987 322 3049 teste
342 2983 521 3048 Plutarcho
543 2987 718 3063 personato
730 2982 755 3068 1)
779 2983 986 3064 extispicium
1009 2985 1116 3065 ipsum
1132 2991 1332 3066 aspernatus
1356 2990 1417 3068 est,

235 3091 346 3151 cetera
366 3084 519 3166 permisit
542 3084 611 3150 suis
631 3084 804 3152 divinandi
826 3103 959 3168 genera.
1003 3086 1197 3168 descripta
1218 3087 1367 3154 videmus
1382 3088 1417 3153 in
1511 3111 1516 3122 ¹

145 3236 150 3242 «
236 3207 277 3254 ea
297 3187 396 3254 huius
418 3186 604 3268 philosophi
634 3206 717 3268 quac
750 3187 930 3255 Iamblicho
961 3186 1122 3254 tribuitur
1152 3188 1241 3255 vita:
1271 3188 1341 3252 ἀντὶ
1361 3199 1417 3272 τῆς

236 3287 290 3352 διὰ
311 3291 439 3352 θοσιῶν
461 3286 670 3372 laborsordoc
688 3287 743 3374 τὴν
765 3286 819 3351 διὰ
845 3300 909 3351 τῶν
939 3287 1092 3374 ἀριθμῶν
1112 3289 1297 3374 πρόγνωσιν
1317 3295 1416 3374 παρέ-

238 3391 346 3465 δωκεν,
369 3389 540 3474 ἡγούμενος
561 3392 675 3475 ταύτην
704 3393 938 3477 καθαρωτέραν
971 3384 1054 3454 εἶναι
1083 3391 1139 3454 καὶ
1165 3393 1335 3475 θειοτέραν
1362 3391 1418 3454 καὶ

179 3531 182 3542 ·
200 3507 203 3511 '
237 3503 306 3570 τοῖς
324 3492 488 3580 οὐρανίοις
508 3503 572 3557 τῶν
586 3495 673 3556 θεῶν
695 3492 854 3577 ἀριθμοῖς
872 3489 1103 3577 οἰκειοτέραν.)
1147 3493 1243 3558 Talia
1258 3497 1418 3577 spectant,

235 3602 274 3662 ut
295 3597 356 3662 Ed.
379 3597 523 3661 Zeller
545 3595 760 3678 adnotavit‚⁸)
782 3597 826 3660 ad
848 3594 889 3678 id,
913 3596 998 3675 quod
1020 3593 1125 3661 uariis
1154 3593 1235 3660 locis
1264 3594 1417 3679 traditur,

180 3703 189 3788 )
235 3699 461 3781 Pythagoram
483 3696 697 3764 interdixisse
719 3696 787 3762 suis
810 3695 937 3762 hostias
958 3696 1146 3762 interficere
1169 3700 1204 3762 et
1227 3697 1417 3764 animalium

175 3799 186 3904 )
236 3818 367 3866 carnem
392 3802 497 3882 edere,
520 3818 604 3879 quae
626 3797 744 3881 omnia,
771 3804 809 3864 ut
831 3798 1012 3879 permultae
1035 3799 1123 3864 aliae
1153 3799 1360 3866 narrationes
1382 3800 1416 3864 in

170 3907 178 4056 )
235 3904 448 3986 Pythagorae
471 3901 544 3966 vita
577 3900 792 3967 describenda
822 3899 940 3968 obviae
969 3919 990 3966 a
1019 3899 1258 3981 posterioribus
1289 3903 1416 3968 demum

235 4041 441 4052 .....-.—--—-

322 4089 343 4158 1)
361 4088 460 4142 Herod.
479 4087 567 4143 1158.
641 4086 662 4156 2)
680 4086 782 4142 Tutiam
800 4083 870 4156 rupis
883 4082 951 4136 Ἔλλ.
970 4103 996 4155 p.
1014 4087 1032 4140 3
1049 4085 1133 4141 Oxon.
1215 4086 1236 4148 1)
1254 4085 1325 4141 Hist.
1344 4087 1374 4140 II
1391 4088 1416 4142 3.

320 4175 342 4242 4)
361 4173 445 4243 Greg.
462 4172 528 4226 Nan.
546 4171 616 4224 κατὰ
631 4169 706 4225 lovi.
724 4189 747 4226 c.
765 4173 789 4226 3.
902 4171 923 4241 ⁶)
942 4171 1022 4241 Diog.
1040 4172 1133 4226 Laert.
1151 4169 1208 4240 13,
1227 4171 1251 4228 2.

320 4259 342 4329 1)
360 4260 405 4314 Ps.
423 4257 499 4312 Plut.
517 4257 550 4312 de
568 4257 661 4325 placit.
679 4256 745 4325 phil.
763 4257 789 4311 V
808 4257 832 4311 1.
938 4257 959 4320 7)
977 4257 1073 4311 Iambl.
1091 4257 1125 4311 V.
1143 4256 1225 4324 Pyth.
1245 4256 1286 4325 19,
1304 4256 1346 4310 93.

323 4345 343 4414 8)
361 4342 536 4412 Philosophia
553 4341 600 4396 der
621 4341 756 4396 θνὶοολαι
772 4343 806 4397 1⁴
823 4359 849 4411 p.
868 4341 920 4396 290
937 4343 998 4397 adn.
1016 4342 1046 4411 6,
1065 4358 1091 4410 p.
1110 4341 1161 4394 292
1180 4342 1242 4396 adn.
1262 4343 1289 4409 1;
1309 4330 1416 4396 libar-

234 4429 495 4500 weg-Heiutus,
518 4427 611 4483 Goaria
630 4426 679 4482 dar
695 4427 768 4482 Phil.
787 4445 813 4496 p.
832 4427 863 4481 61
883 4429 945 4482 adn.
964 4428 989 4482 8.
1213 4512 1247 4565 14

1247 4515 1262 4550 ι,
