3508 5068
344 459 408 526 206
583 464 588 533 ,¹
802 453 935 524 Georgius
952 452 1068 508 Blecher
1468 453 1524 540 [36

342 633 422 698 sunt
442 625 602 712 profecta.
645 625 722 708 Qua
737 625 779 690 de
794 642 904 707 causa,
927 622 991 690 etsi
1013 642 1079 690 non
1101 641 1258 705 expresse
1272 623 1427 708 traditur,
1450 643 1524 692 con·

344 730 473 798 iectura
494 733 606 802 tamen
627 727 770 794 fortasse
793 726 926 808 assequi
947 725 1029 793 licet
1045 725 1285 810 Pythagoricos
1306 731 1423 808 postea
1436 727 1525 794 haud

344 831 473 902 omnino
502 830 670 913 respuisse
699 827 909 912 extispicium
944 847 987 895 ex
1013 847 1060 913 eo,
1093 831 1178 910 quod
1205 828 1369 912 Didymus
1398 830 1524 912 Pytha-

344 951 463 1019 goreus
474 933 558 1000 haec
568 931 723 1014 probavit
734 931 915 998 Stoicorum
927 933 1047 999 Verba:
1061 931 1118 996 καὶ
1126 929 1277 1013 μαντικὸν
1288 929 1323 995 δὲ
1331 930 1429 1013 μόνον
1443 925 1526 995 εἶναι

343 1034 398 1102 τὸν
413 1032 591 1102 σπουδαῖον
613 1036 657 1110 ὣς
670 1033 710 1097 ἂν
731 1031 905 1119 ἐπιστήμην
921 1029 1033 1112 ἔχοντα
1055 1031 1279 1119 ὄιαγνωστικίμ
1301 1035 1442 1120 σημείων
1461 1044 1526 1098 τῶν

344 1138 381 1204 ἐκ
394 1132 516 1220 &amoti
532 1134 692 1218 δαιμόνων
706 1133 789 1220 πρὸς
803 1133 1015 1220 ἀνθρώπινον
1029 1138 1100 1220 βίον
1124 1136 1302 1202 τεινόντων·
1324 1135 1368 1200 δι’
1383 1136 1402 1200 ὃ
1416 1135 1526 1200 καὶτὰ

344 1231 758 1326 impraemunitum
780 1237 856 1325 περὶ
878 1236 974 1304 αὐτὸν
1001 1236 1038 1302 τό
1071 1261 1104 1302 τι
1133 1235 1378 1325 ὀνειροκριτικὸν
1406 1239 1461 1304 καί
1488 1237 1526 1303 τὸ
1578 1230 1581 1234 ’

346 1339 598 1410 οἰωνοσκοπικὸν
626 1340 681 1404 καί
701 1338 833 1406 θυτικὸν
862 1340 917 1406 καὶ
938 1339 971 1404 e'a'
988 1361 1061 1405 τινα
1082 1340 1164 1404 ἄλλα
1184 1343 1309 1418 τούτοις
1331 1338 1399 1405 ἔστι
1420 1361 1525 1428 nopo-

345 1444 474 1532 ιιλήσιο.
487 1443 512 1530 1)

386 1598 390 1612 ,
432 1548 555 1614 Contra
576 1548 861 1629 Xenophanes
881 1546 1182 1631 Colophoniae,
1205 1547 1525 1628 quivehemontissi-

345 1670 396 1718 me
417 1651 592 1734 pugnabat
614 1654 729 1716 contra
750 1648 866 1734 plebis,
887 1654 926 1715 ut
947 1649 998 1715 ita
1021 1650 1177 1733 dicamus,
1199 1648 1368 1731 opiniones
1389 1652 1430 1716 de
1452 1653 1526 1718 deo-

344 1772 417 1820 rum
428 1758 549 1820 natura
565 1753 788 1836 pervulgatus,
800 1752 1035 1819 divinationem
1047 1771 1175 1834 quoque
1189 1750 1339 1819 funditus
1351 1752 1526 1837 sustulit.²)

345 1855 635 1924 Democritum
657 1873 735 1922 vero
758 1854 794 1920 in
809 1855 993 1923 doctrinam
1015 1873 1110 1921 suam
1132 1854 1339 1937 extispicium
1360 1854 1526 1937 recepisse

345 1959 511 2040 putabant
539 1962 672 2024 veteres
701 1957 857 2024 Cicerone
885 1961 989 2040 teste,
1019 1956 1077 2038 qui
1090 2002 1099 2020 .
1113 1957 1207 2024 illum
1237 1957 1400 2024 dicentem
1428 1954 1526 2026 facit:

344 2061 498 2142 supienter
516 2060 687 2124 instituisse
705 2063 825 2137 νοίονω,
846 2063 881 2124 nt
901 2059 1073 2124 aaaron
1087 2061 1320 2126 immolotnrnn
1341 2061 1526 2142 ι’νιςγτίοονιο-

345 2167 399 2226 ίινν
420 2166 499 2240 ento,
523 2181 655 2246 qnonnm
675 2180 713 2228 ιιι
733 2161 843 2226 habita
864 2166 954 2243 etque
975 2180 1012 2225 en
1033 2163 1131 2226 colore
1157 2167 1223 2228 tnrn
1245 2163 1440 2228 calabritanis
1460 2168 1527 2228 tom

340 2264 534 2346 wanninc
555 2265 648 2346 sipnn
666 2265 786 2346 pernpo‘
800 2283 1036 2346 nonnumquam
1049 2266 1151 2347 ctiam,
1173 2285 1253 2346 ηκτοι
1265 2267 1307 2329 sit
1320 2266 1366 2330 oei
1379 2255 1529 2330 ιίονίίίίοο

345 2385 496 2450 σμνονιιννι
516 2367 562 2430 oct
580 2366 734 2448 fertilitas
753 2366 914 2453 ἡνίαισί)
958 2366 1054 2434 Illius
1076 2371 1188 2435 autem
1210 2368 1413 2451 temporibus
1443 2368 1527 2436 exti-

344 2468 486 2552 spicium
508 2487 588 2536 vere
610 2467 762 2536 floruisse
784 2469 836 2535 his
858 2468 1049 2550 Euripideis
1074 2470 1225 2536 versibus
1235 2470 1261 2556 ⁴)
1284 2472 1451 2538 docemur:

550 2599 698 2669 dd'ior'
723 2604 831 2692 ἄσημα
854 2605 911 2670 κοῦ
933 2615 1031 2693 σαφῆ,
1054 2610 1270 2690 γιγνώσκομεν

551 2706 598 2785 εἰς
617 2717 684 2792 πῦρ
705 2708 888 2791 βλέποντος,
910 2708 1067 2773 καὶκατὰ
1089 2709 1279 2790 σπλάγχνων
1299 2708 1425 2790 πτυχὰς

552 2810 682 2891 μάντεις
703 2814 978 2897 προσημαίνωσιν
999 2811 1124 2876 οἰωνῶν
1144 2811 1172 2874 τ’
1181 2809 1258 2878 ἀπό.

434 2945 522 3030 Quin
545 2946 646 3012 etiam
667 2945 908 3030 Aristophanes
931 2948 1071 3016 comicus
1095 2968 1175 3016 aves
1204 2954 1283 3016 exta
1313 2955 1393 3017 ante
1414 2951 1529 3018 urbem

346 3047 513 3116 conditam
534 3047 749 3132 inspicientes
772 3050 907 3136 fingit.⁶)
950 3051 1001 3117 Ac
1021 3051 1240 3136 Socrates,
1274 3053 1330 3134 qui
1362 3053 1529 3119 daemonio

348 3169 407 3217 suo
428 3150 605 3236 praecipue
627 3153 669 3218 de
698 3154 797 3220 rebus
827 3153 951 3221 futuris
979 3172 1015 3220 se
1044 3155 1153 3220 doceri
1183 3173 1374 3246 persuasum
1404 3154 1529 3236 habuit,

347 3258 461 3320 tamen
483 3255 618 3320 oracula
640 3255 767 3322 somnia
781 3256 911 3336 aliaque
926 3275 991 3324 non
1006 3257 1099 3323 modo
1113 3275 1179 3322 non
1198 3257 1336 3338 respuit,
1358 3257 1417 3323 sed
1431 3255 1530 3322 facile

347 3354 482 3423 admisit
516 3360 552 3423 et
580 3357 822 3426 commendavit
853 3362 940 3424 teste
972 3357 1158 3443 Platone.⁶)
1212 3358 1396 3440 Xenophon
1428 3357 1529 3426 etiem

347 3459 389 3526 de
411 3478 449 3525 eo
472 3457 592 3525 arsut:
614 3460 705 3523 θύων
725 3481 760 3524 τε
781 3458 842 3547 γὰρ
866 3457 1005 3546 φανερὸς
1023 3453 1060 3544 ἦν
1078 3457 1237 3536 πολλάκις
1256 3457 1315 3541 μὲν
1329 3457 1423 3532 οἴκοι,
1452 3458 1530 3524 πολ-

348 3558 441 3637 λάκις
470 3559 505 3626 δὲ
535 3555 591 3624 ἐπὶ
619 3573 682 3626 τῶν
710 3571 823 3627 κοινῶν
850 3570 905 3648 τῆς
932 3562 1061 3639 πόλεως
1093 3565 1213 3646 βωμῶν
1251 3561 1321 3625 καί
1352 3573 1530 3647 μαντικῇ

347 3664 559 3748 χρώμενος
581 3662 652 3727 οὐκ
674 3662 835 3750 ἀφανὴς
863 3658 958 3749 ἦν.”)
1001 3666 1042 3732 Id
1064 3667 1150 3747 quod
1172 3665 1238 3732 iam
1261 3685 1303 3732 ex
1335 3665 1388 3734 his
1417 3664 1529 3734 verbis

347 3764 511 3847 suspicari
524 3763 620 3832 licuit
634 3766 802 3832 Socratem
816 3767 1026 3848 extispicium
1041 3786 1169 3850 quoque
1184 3767 1317 3853 fovisse,
1339 3769 1441 3836 multo
1456 3787 1529 3853 pro·

347 3864 594 3933 habiliusnobis
606 3867 755 3952 σιτίοισι,
766 3867 796 3933 si
804 3867 839 3934 in
847 3869 1034 3937 memoriam
1042 3869 1136 3938 nobis
1144 3871 1418 3956 revocaverimus,
1428 3890 1530 3954 quem·

436 4086 455 4156 ¹)
474 4087 585 4157 Fragm.
603 4086 704 4144 Philon.
722 4087 816 4146 Graec.
834 4089 887 4144 vol.
907 4088 937 4144 11
953 4105 979 4157 p.
997 4088 1032 4144 85
1049 4089 1091 4146 ed.
1108 4090 1235 4148 hassach.

433 4171 457 4244 ¹)
475 4171 530 4228 Cio.
548 4173 582 4228 de
599 4171 654 4229 div.
672 4174 687 4228 I
705 4174 734 4243 ὃς
754 4173 799 4230 Pa.
818 4175 891 4230 Plnt.
910 4175 944 4230 de
961 4176 1030 4244 plac
1048 4176 1114 4245 phil.
1133 4177 1159 4232 V
1177 4177 1202 4231 1.

434 4255 455 4328 ⁸)
473 4257 527 4314 Oic.
546 4258 579 4314 de
598 4258 653 4314 div.
671 4259 686 4314 Ι
705 4257 763 4316 131.
867 4259 890 4329 ⁸)
908 4259 990 4330 supp.
1009 4260 1059 4314 211
1072 4277 1146 4330 seqq.
1251 4263 1274 4332 ⁶)
1292 4263 1366 4318 Aves
1384 4261 1461 4319 1118.

434 4341 455 4412 ⁶)
474 4342 550 4400 Crito
561 4343 675 4413 pann,
694 4345 804 4400 Phaedo
815 4345 936 4415 p.60D;
954 4346 988 4401 ci.
1000 4345 1069 4404 Xon.
1084 4347 1242 4417 Memno,
1254 4347 1278 4416 8,
1298 4347 1376 4416 IV‘i,
1389 4347 1430 4418 10,
1442 4348 1529 4403 Anah

348 4427 477 4498 1111,o.
584 4428 907 4500 ⁷)Xen.hiem.11,2.
