3508 5068
326 393 390 458 226
781 389 914 458 Georgius
931 389 1046 444 Blaouer
1451 390 1507 476 [56

325 560 504 645 participes
537 561 698 626 habereut
731 577 792 624 sua
824 577 947 624 aroana
979 558 1104 624 nemini
1136 557 1201 624 uisi
1236 558 1380 625 initiatis
1418 566 1505 627 uota.

325 663 451 747 Quanti
471 664 532 728 hoo
561 663 665 728 fuerit
686 661 840 728 momenti
870 661 905 726 iu
928 679 964 726 re
986 665 1160 742 tantopere
1182 663 1224 727 ab
1246 661 1395 729 omuibus
1419 664 1505 730 desi-

326 769 452 850 derata,
474 766 509 831 in
532 765 705 848 propatulo
729 768 789 830 est.
826 761 891 829 Sed
912 781 976 829 uon
998 764 1090 829 modo
1113 764 1268 830 subtilior
1285 764 1378 830 nobis
1394 784 1503 831 occur·

323 871 371 936 rit
386 877 535 936 extorum
549 867 720 951 inspectio,
740 866 868 933 accedit
883 871 1058 948 praeterea
1072 866 1140 932 alia
1155 863 1314 947 quaedam
1330 886 1368 933 ao
1384 869 1424 934 de
1440 887 1504 949 qua

325 969 860 1054 111111.481111111111111111
883 969 967 1034 Nam
978 969 1133 1053 homines,
1145 969 1202 1035 ubi
1217 970 1358 1050 primum
1369 989 1503 1052 persua-

324 1093 395 1140 sum
417 1075 604 1140 habueruut
625 1092 685 1154 per
707 1071 857 1154 effigiem,
891 1072 968 1152 quin
993 1072 1094 1138 etiarn
1117 1091 1177 1153 per
1202 1071 1335 1138 litteras
1358 1073 1394 1138 iu
1415 1073 1504 1140 extis

325 1175 463 1258 exprimi
481 1176 603 1258 futura,
626 1174 719 1240 -id
741 1175 826 1255 quod
841 1173 960 1240 Graeci
971 1174 995 1259 ¹)
1018 1193 1077 1256 pro
1091 1193 1170 1241 vero
1185 1175 1355 1241 habebant
1371 1215 1421 1258 -,
1445 1181 1505 1242 aut

325 1297 395 1345 cum
419 1281 570 1344 deessent
592 1278 627 1342 in
643 1276 728 1342 extis
749 1276 842 1342 ieeur
864 1293 919 1342 cor
942 1276 1010 1342 alia
1032 1277 1179 1343 membra
1201 1279 1243 1341 ad
1265 1277 1370 1344 vitam
1393 1297 1505 1345 ueces-

323 1380 421 1463 saria,
435 1380 559 1462 aperiri
570 1379 641 1445 fata
651 1380 734 1444 -id
744 1381 829 1460 quod
840 1378 978 1444 Romani
991 1377 1055 1444 sibi
1066 1379 1237 1459 fingebant
1245 1415 1295 1463 -‚
1304 1379 1506 1447 destiterunt

323 1503 345 1549 a
366 1483 507 1564 simplici
525 1481 724 1564 inspiciendi
745 1482 883 1563 ratione,
906 1500 990 1561 quae
1014 1486 1093 1547 exta
1115 1481 1348 1547 considerabat
1363 1487 1503 1565 tantum,

324 1590 361 1651 ut
383 1588 560 1652 secuudum
583 1588 736 1651 naturam
759 1588 837 1650 sunt
856 1583 1006 1650 formata.
1042 1584 1111 1649 Iam
1128 1589 1305 1665 coeperunt
1326 1585 1504 1650 observare

325 1707 373 1772 ea,
401 1705 487 1770 quae
516 1693 632 1755 contra
660 1692 814 1753 naturam
846 1694 906 1753 aut
936 1685 1128 1753 acciderunt
1158 1690 1217 1751 aut
1239 1686 1399 1752 accidisse
1421 1686 1503 1768 ipsis

323 1791 533 1858 videbantur.
570 1791 667 1856 Hauc
687 1809 806 1859 revera
820 1789 968 1872 viguisse
986 1789 1169 1871 opinionem
1184 1790 1257 1856 luce
1272 1789 1395 1855 elarius
1409 1789 1503 1856 nobis

325 1896 568 1960 demonstratur
591 1912 637 1976 eo,
667 1896 754 1973 quod
776 1893 967 1973 haruspices
989 1893 1114 1958 litteris
1136 1892 1202 1973 ipsi
1224 1897 1302 1958 exta
1323 1892 1503 1958 inscribere

324 1995 530 2077 audebant.²)
583 1996 666 2060 Nam
696 1995 762 2061 uisi
793 1995 866 2061 fieri
895 2014 988 2076 posse
1019 2001 1135 2061 contra
1167 2001 1321 2062 naturam
1357 1995 1504 2061 homiues

323 2098 555 2180 credidissent,
584 2102 622 2163 ut
646 2098 780 2162 litteras
811 2099 970 2177 quasdam
1002 2098 1175 2163 exhiberet
1205 2097 1303 2180 iecur,
1333 2117 1413 2164 saue
1442 2098 1504 2164 hoo

323 2200 433 2265 facere
463 2198 535 2264 ausi
565 2217 628 2265 nou
659 2202 770 2264 esseut
799 2199 854 2264 vel
883 2198 1011 2264 frustra
1040 2199 1234 2282 feoissent.³)
1285 2201 1358 2264 Hac
1392 2205 1503 2266 autem

323 2300 475 2384 opinione
489 2301 600 2383 flebat,
621 2306 659 2366 ut
675 2305 824 2366 extorum
840 2301 937 2382 sigua
959 2300 1183 2384 prodigiorum
1205 2302 1275 2368 loco
1290 2302 1504 2384 haberentur,

324 2405 477 2485 quoniam
496 2404 555 2469 sub
570 2422 651 2470 voce
662 2403 842 2485 procopiam
866 2402 973 2469 omnia
989 2403 1258 2486 complectuntur,
1281 2422 1365 2484 quae
1389 2408 1504 2469 contra

324 2512 478 2573 naturam
500 2505 620 2592 dunas)
665 2505 759 2590 Quod
781 2525 800 2572 a
822 2505 979 2573 Romanis
1008 2506 1186 2588 praecipue
1214 2508 1375 2589 probatur
1402 2505 1504 2588 scrip·

323 2609 459 2693 toribus,
482 2609 539 2690 qui
554 2628 618 2675 non
632 2611 725 2676 modo
740 2610 915 2676 coniuncta
931 2613 1125 2676 enumerant
1139 2609 1289 2691 prodigia
1304 2614 1339 2675 et
1354 2614 1503 2675 extorum

325 2713 429 2795 sigua,
458 2712 645 2778 sedetiam
675 2714 756 2778 haec
785 2713 858 2794 ipsa
888 2712 1041 2795 prodigia
1069 2713 1227 2797 vocaut.⁶)
1279 2712 1367 2796 Quin
1401 2712 1501 2778 etiam

324 2814 455 2896 saepius
471 2815 597 2881 curiose
612 2815 792 2897 quaeritur,
807 2821 916 2880 utrum
933 2816 1006 2896 plus
1021 2815 1158 2882 valeant
1173 2815 1269 2898 signa
1283 2816 1338 2882 vel
1349 2814 1501 2899 prodigia

324 2915 952 3002 11111111111111111111111111111)
967 2916 1127 2984 Similiter
1135 2919 1334 2985 Lactantius
1345 2918 1503 2985 Placidus

324 3017 481 3099 exscripit
515 3037 533 3082 e
561 3017 647 3083 libro
681 3021 819 3097 quodam
853 3019 888 3083 in
922 3036 984 3099 quo
1017 3018 1055 3082 de
1082 3022 1164 3084 toros
1191 3022 1292 3101 sicma
1324 3022 1501 3102 agebatur:

322 3119 395 3184 bace
424 3120 565 3201 primum
597 3121 688 3200 11911
720 3125 776 3183 aret
808 3125 959 3184 immoror
991 3127 1130 3185 moram
1154 3111 1335 3205 promissos,
1366 3124 1397 3186 so‘
1424 3122 1503 3186 bona

322 3223 395 3301 aiat,
428 3227 492 3305 cat,
524 3223 554 3286 si
585 3223 760 3300 corbario,
793 3223 1039 3306 refrcpaatcr.⁷)
1086 3223 1155 3289 Neo
1186 3224 1308 3289 nullius
1340 3224 1401 3290 hoo
1432 3223 1502 3289 loco

323 3325 404 3391 mihi
426 3326 651 3393 videturesse
673 3325 836 3404 momenti,
866 3326 952 3405 quod
972 3325 1120 3390 Iamidae
1142 3327 1231 3406 apud
1253 3325 1351 3391 Eleos
1378 3324 1502 3404 aliique

409 3597 427 3666 ¹)
446 3598 573 3664 Polyaen.
592 3597 676 3652 Strat.
694 3597 735 3651 IV
751 3596 798 3666 20;
817 3599 911 3652 Frout.
931 3597 1013 3652 Strat.
1032 3598 1047 3650 I
1066 3596 1106 3665 ll,
1126 3596 1166 3651 14.

410 3679 557 3749 ¹)Hippol.
576 3681 623 3736 rei.
642 3681 715 3737 haer.
733 3683 774 3737 IV
791 3681 834 3736 40.

410 3765 431 3835 8)
449 3765 575 3821 Ceterum
602 3767 746 3835 extispices
768 3774 880 3836 propter
902 3767 1026 3822 hundam
1049 3767 1236 3838 obiurgautur,
1261 3769 1295 3823 ot.
1319 3768 1389 3823 Xen.
1414 3767 1501 3822 Anah.

322 3851 364 3907 VI
380 3850 749 4006 4’*)141’1.Ἓοῖ1ιξ1ῗ121ἷ1
763 3938 820 3992 ma
835 3937 1040 4007 pertractarem
1056 3938 1251 4009 actuosam
1275 3938 1321 3993 aas
1340 3937 1501 4008 Procopia-

322 4035 422 4077 eooaarre
440 4021 482 4076 bca'
500 4020 552 4076 dea
568 4021 713 4091 Rocmern,
732 4023 797 4078 diss.
815 4023 889 4093 Lips.
909 4023 977 4078 1903
994 4041 1020 4093 p.
1040 4025 1064 4079 1.

408 4107 430 4179 ὓ)
448 4108 499 4163 Ι11.
512 4107 626 4175 Obsequ.
639 4125 660 4162 o.
673 4108 708 4162 95
720 4114 748 4164 et
761 4107 823 4178 107,
837 4109 897 4164 San.
910 4109 974 4165 Ood.
986 4109 1132 4178 357⁸qu
1145 4109 1501 4176 Luc.Phara1609seqq.;

322 4193 382 4249 Liv.
400 4194 480 4248 XXX
497 4194 527 4262 23
546 4193 619 4248 Suet.
638 4193 699 4249 Dir.
719 4195 770 4249 Iul.
790 4195 836 4263 77;
855 4195 953 4250 Festus
971 4212 997 4264 p.
1016 4195 1068 4249 245
1080 4196 1115 4250 ll.
1371 4261 1373 4270 ‚

408 4279 430 4348 1)
447 4280 509 4336 Liv.
533 4280 604 4334 VIII
620 4279 650 4347 63
669 4279 729 4335 Seu.
747 4280 810 4335 Nat.
830 4279 938 4348 Quaest.
958 4281 987 4336 11
1003 4280 1051 4349 343
1070 4281 1141 4336 Plin.
1158 4281 1246 4351 Epist.
1266 4281 1295 4334 11
1312 4279 1353 4348 20,
1372 4281 1397 4333 4.

410 4365 429 4433 ⁷)
448 4364 483 4419 ad
501 4364 570 4420 Stat.
589 4364 673 4420 Theb.
691 4365 732 4420 IV
749 4365 808 4420 468.

1733 4803 1745 5028 l
