3506 5226
214 417 268 502 71]
612 417 652 471 De
670 416 815 485 extispicio
833 417 925 486 capita
942 418 998 472 tria
1328 423 1391 490 241

161 615 163 619 ·
214 590 271 670 qui
293 592 395 670 caput
415 587 543 655 velavit
564 587 633 653 ritu
656 587 826 653 notissimo
840 589 1067 682 Itomanorum,
1090 588 1178 656 iacet
1197 591 1232 656 in
1248 591 1392 672 pulvinis

212 691 338 758 ornatis
363 693 478 756 dextro
500 689 653 756 bracchio
682 689 788 756 nixus.
832 691 872 755 Iu
894 709 992 757 manu
1021 691 1158 758 sinistra
1179 697 1273 759 tenet
1301 693 1392 760 iecur

213 794 291 861 felle
328 793 465 875 insuper
499 791 659 874 imposito.
703 792 870 876 Denique,
900 813 942 859 ne
971 794 1079 860 desint
1110 794 1267 878 feminae,
1296 797 1391 862 haru-

212 897 322 980 spicae
345 900 516 963 servatum
537 897 696 962 hahemus
718 894 925 962 simulacrum
951 900 1081 963 eterra
1103 916 1203 979 prope
1224 899 1392 964 theatrum

213 999 443 1065 Mantineense
465 998 632 1084 erutum.¹)
677 997 848 1064 Caelatum
872 1004 923 1065 est
946 999 1158 1066 artificiosum
1188 1000 1271 1066 illud
1301 1019 1390 1085 opus,

212 1102 360 1168 votivum
372 1101 444 1167 sine
463 1100 570 1167 dubio.
606 1099 796 1182 Haruspica
809 1105 904 1167 tenet
923 1102 1013 1168 iecur
1028 1102 1127 1169 laeva
1140 1122 1248 1170 manu.
1285 1103 1390 1187 Quam

211 1203 354 1270 maxime
377 1205 529 1288 dolemus,
552 1206 638 1285 quod
666 1203 737 1270 eius
762 1208 862 1286 caput
884 1204 981 1286 plane
1004 1209 1057 1271 est
1079 1206 1224 1272 deletum
1245 1206 1390 1287 itemque
1508 1236 1513 1242 ·

211 1307 402 1372 bracchium
424 1308 584 1372 dextrum.
628 1309 718 1373 Ante
747 1309 833 1372 hauc
854 1307 995 1390 figuram
1017 1309 1103 1375 imae
1125 1313 1239 1390 partes
1261 1309 1390 1390 palmae

213 1407 340 1475 arboris
363 1409 615 1491 conspiciuntur.
660 1410 753 1493 Quae
777 1429 849 1476 cum
880 1429 978 1477 sacra
1005 1410 1109 1477 fuerit
1130 1412 1288 1492 Latonae,
1317 1431 1389 1477 cum

211 1511 310 1577 huius
325 1512 407 1578 deae
423 1513 513 1578 cultu
533 1514 763 1595 coniungenda
778 1517 829 1578 est
841 1512 900 1577 illa
917 1513 1089 1594 extispica.
1133 1514 1282 1596 Accedit,
1304 1516 1389 1596 qnod

212 1614 339 1680 Latona
361 1615 397 1681 in
418 1615 539 1695 templo
562 1613 785 1679 Mantineensi
806 1613 992 1679 colebatur:
1023 1633 1088 1695 qua
1118 1616 1158 1679 de
1181 1634 1278 1681 causa
1299 1617 1389 1682 haud

210 1715 294 1782 falso
317 1717 515 1783 coniciamus
538 1715 621 1781 illud
644 1733 724 1796 opus
747 1714 910 1780 caelatum
932 1716 1119 1782 habendum
1142 1734 1213 1782 esse
1235 1735 1292 1798 pro
1321 1737 1388 1783 mo-

209 1824 365 1886 numento
389 1817 501 1886 votivo
524 1817 665 1883 alicuius
691 1818 888 1899 haruspicae
911 1836 994 1898 quae
1009 1817 1157 1884 Latonae
1187 1819 1291 1885 cultui
1313 1825 1388 1886 erat

209 1922 333 1987 dedite.
377 1921 471 1986 Haec
493 1922 533 1986 de
556 1919 750 1986 simulacris.

294 2179 464 2244 Postremo
483 2177 584 2242 liceat
596 2178 719 2242 addere
733 2177 882 2259 exempla
894 2196 977 2259 quae
988 2177 1054 2243 iam
1070 2197 1172 2261 supra
1184 2198 1214 2259 p.
1226 2179 1268 2245 33
1279 2181 1353 2246 adn.
1366 2181 1384 2244 1

208 2281 414 2364 promisimus
436 2280 480 2346 ab
503 2278 580 2345 aliis
598 2278 789 2346 nationibus
812 2282 992 2363 desumpta.
1037 2281 1086 2347 Ac
1108 2280 1212 2363 primo
1234 2282 1304 2348 loco
1336 2301 1385 2349 se·

208 2388 351 2466 quantur
373 2401 422 2466 ea,
445 2401 528 2464 quae
550 2382 616 2448 iam
639 2381 787 2462 antiquis
817 2381 1034 2463 scriptoribus
1065 2388 1162 2449 erant
1190 2391 1278 2450 nota.
1321 2385 1386 2449 He·

207 2486 338 2569 sychius
367 2485 453 2552 enim
483 2503 507 2550 s
537 2504 568 2551 v.
596 2483 698 2546 πύλαι
727 2485 810 2550 haec
838 2483 933 2549 nobis
963 2485 1127 2550 servavit:
1158 2483 1386 2570 Ἀριστοφάνης

208 2587 517 2670 Τελμισσεῦσιν
539 2585 613 2670 (frg.
637 2586 700 2651 540
723 2583 830 2669 Kook)
860 2582 928 2646 ἀπὸ
948 2594 1012 2646 τῶν
1032 2586 1140 2648 duodo
1154 2585 1247 2669 λέγει.
1270 2589 1385 2650 ἐκεῖνοι

188 2690 267 2775 ’γὰρ
289 2688 538 2754 ἐπισκέιισσνιαι
559 2685 618 2762 τὰς
639 2685 798 2768 ἐκτροπὰς
818 2697 875 2750 τοῦ
894 2685 1019 2771 ἥπατος
1033 2686 1088 2749 καὶ
1101 2687 1159 2762 τὰς
1176 2686 1309 2773 φλέβας,
1332 2687 1384 2753 διὸ

206 2792 340 2867 καὶτὰς
362 2788 456 2866 ὁδοὺς
469 2789 574 2864 πύλας
587 2787 742 2872 λέγουσιν.
788 2788 1119 2856 Telmessiorum
1141 2795 1247 2858 artem
1270 2791 1383 2859 Cicero

205 2914 334 2977 quoque
355 2892 511 2978 laudati)
562 2892 741 2958 Prusias
771 2893 828 2958 ille
849 2892 1067 2976 Bithynorum
1095 2912 1154 2959 rex
1183 2895 1254 2977 ipso
1281 2894 1383 2962 coluit

204 2999 290 3064 hanc
312 3001 416 3064 artem
432 3001 533 3077 atque
548 3000 698 3062 extorum
713 2995 817 3078 signis
831 2995 986 3062 maiorem
1002 2996 1160 3064 attribuit
1174 2997 1271 3064 fidem
1286 3017 1382 3080 quam

204 3099 386 3167 Hannibali
408 3098 488 3166 belli
510 3098 648 3182 gerendi
669 3098 910 3184 peritissimoi)
954 3099 1177 3167 Armenios
1206 3100 1382 3184 extispices

203 3204 307 3271 fuisse
321 3201 492 3269 Iuvenalis
504 3207 601 3283 poeta
616 3201 799 3286 testatur.⁴)
837 3203 939 3268 Indo
950 3221 1036 3268 rum
1050 3203 1242 3285 haruspices
1253 3204 1381 3269 Plinius

205 3304 472 3388 commemorati)
516 3305 602 3392 Item
624 3309 755 3370 constat
784 3305 874 3371 inter
904 3323 1015 3371 omnes
1044 3307 1214 3387 Persas,
1243 3305 1380 3388 Baby·

203 3407 357 3491 lonioa,
379 3408 637 3489 Chaldaeos,
653 3407 801 3490 Syros,
817 3409 978 3473 Poenos
996 3425 1154 3473 usosesse
1170 3407 1380 3493 extapicior)

290 3545 310 3614 ¹)
327 3544 429 3598 Bullet.
456 3543 488 3597 de
512 3543 587 3598 Corr.
614 3543 687 3598 Heli,
711 3544 768 3597 XII
791 3541 859 3596 1888
885 3559 911 3610 p.
929 3542 994 3610 3765
1013 3542 1170 3596 Gustare
1188 3541 1379 3612 Fougerea,

202 3629 345 3684 Mantinia
363 3633 390 3684 et
407 3627 544 3684 l’Aroudic
562 3628 694 3683 ortamota
711 3644 737 3697 p.
755 3627 807 3680 542
817 3627 874 3686 tub.
887 3627 934 3696 IV,
952 3627 1024 3681 unde
1036 3627 1195 3696 deprompta
1212 3632 1254 3682 eat
1271 3632 1380 3684 nostrae

202 3715 373 3771 tabulatam
391 3714 437 3783 fig.
456 3713 485 3782 33
505 3709 665 3779 Kassssadiuc
685 3710 794 3763 Γλυπταὶ
811 3712 859 3763 τοῦ
877 3712 990 3762 edoceat
1007 3715 1134 3776 μουσείου
1152 3713 1210 3768 226.

287 3800 309 3869 ¹)
327 3801 368 3854 Do
385 3799 440 3853 div.
458 3800 473 3852 I
489 3799 531 3854 91.
568 3799 607 3853 cf.
626 3799 753 3853 Philostr.
767 3797 816 3854 vit.
827 3798 917 3865 Apoll.
929 3798 973 3851 III
985 3797 1009 3866 7,
1022 3796 1063 3865 lb,
1082 3797 1129 3865 qni
1140 3797 1254 3865 Lycium
1266 3815 1379 3855 comme-

202 3893 291 3942 morat
307 3884 473 3952 extispicem.
630 3883 650 3950 ³)
669 3883 723 3938 tio.
742 3885 776 3938 de
792 3883 848 3937 div.
867 3882 965 3950 11523
983 3883 1045 3938 Vel.
1062 3883 1133 3938 Max.
1152 3883 1238 3952 1117,
1256 3884 1281 3939 6.
1357 3881 1370 3886 “

287 3970 308 4038 ⁴)
326 3969 445 4025 V1548.
612 3968 633 4037 ⁶)
651 3969 684 4024 N.
702 3969 736 4022 H.
756 3968 865 4022 XXXII
881 3968 923 4022 23.

287 4055 308 4126 ⁶)
326 4055 427 4110 Octull.
445 4055 493 4109 XO
511 4055 541 4122 23
560 4053 687 4109 Ezechiel
705 4054 772 4108 XXI
789 4055 836 4122 21;
860 4055 1006 4108 Deuteron.
1025 4054 1122 4110 XVIII
1139 4054 1185 4122 11;
1210 4054 1293 4123 Greg.
1311 4055 1377 4110 Nea.

200 4140 268 4193 κατὰ
284 4137 359 4192 Ἰουλ.
374 4139 405 4207 3;
423 4140 552 4206 Polyaen.
569 4138 652 4194 Strot.
666 4139 706 4195 IV
718 4139 765 4208 20;
782 4141 844 4198 Iuv.
854 4140 895 4195 VI
911 4139 976 4208 5483
995 4139 1048 4194 Cic.
1067 4140 1100 4194 de
1112 4139 1166 4195 div.
1184 4139 1214 4193 11
1225 4139 1267 4192 29.
1290 4139 1378 4195 Hodie

200 4228 233 4281 de
257 4224 414 4294 Babyloniis
438 4224 541 4292 optima
569 4225 699 4280 habemus
723 4225 881 4280 testimonia
904 4225 992 4280 iecora
1017 4225 1114 4280 fictilia
1137 4224 1171 4279 ab
1201 4224 1377 4293 extispicihun

199 4316 345 4381 usurpata:
364 4310 398 4365 ci.
415 4326 441 4378 p.
454 4310 487 4364 57
506 4310 597 4366 adnot.
615 4309 645 4379 53
664 4311 697 4365 A.
715 4310 887 4380 Boiaaier,
903 4310 977 4373 ,Note
994 4326 1044 4365 eur
1061 4327 1101 4365 αα
1115 4313 1275 4364 monument
1284 4309 1377 4379 Baby-

200 4395 299 4466 tonan,
321 4395 426 4451 Genera
445 4394 512 4448 1899
529 4401 558 4450 et
575 4395 666 4450 Caroli
683 4396 812 4450 Beaold
830 4396 1053 4465 supplementum
1071 4395 1144 4450 infra
1161 4395 1291 4450 additum.
