3508 5068
357 411 419 476 172
813 411 947 480 Georgius
965 409 1078 464 Bleohcr
1502 414 1535 500 [2

355 579 572 664 disputarent,
592 579 810 647 similitudine
832 581 974 661 quadam
997 579 1117 647 Graeci
1137 599 1217 647 usus
1239 587 1274 648 et
1288 582 1429 648 Romani
1446 601 1534 670 com·

355 683 435 748 moti
458 682 558 749 etiam
580 701 628 765 ea,
651 701 735 764 quae
757 681 847 748 inter
869 701 904 749 se
919 687 1117 766 pugnarent,
1141 683 1352 751 coniectando
1376 691 1410 751 et
1431 686 1532 752 ratio·

355 783 492 851 cinando
514 784 711 851 concinnare
740 787 928 869 studerent,
958 792 992 851 et
1021 791 1195 868 utrumque
1222 805 1287 854 uno
1317 787 1449 854 alonte
1478 791 1534 856 vel

354 889 435 954 adeo
450 887 590 954 alterum
605 888 767 954 exaltem
783 887 983 955 derivarent.
1012 889 1067 954 Ita
1085 888 1300 956 Deeokius
1325 909 1461 974 quoque,
1477 891 1532 972 qui

354 989 548 1058 novissimus
563 992 626 1055 hac
647 991 688 1056 de
709 1008 745 1056 re
768 990 901 1056 uberius
919 990 1076 1057 disseruit
1093 991 1129 1057 in
1143 992 1237 1074 libro,
1259 990 1317 1074 qui
1338 993 1533 1061 inscribitur

353 1091 551 1156 Etroslu'scte
571 1091 794 1174 Forsctonpea
815 1092 845 1158 V
865 1113 896 1175 p.
911 1093 953 1158 65
969 1112 1065 1176 seqq,
1094 1094 1130 1161 Ο.
1152 1096 1355 1162 Muelleri
1376 1096 1533 1178 probavit

354 1194 554 1260 sententiam
569 1193 766 1260 Graecorum
782 1195 1066 1276 Romanorumque
1083 1198 1123 1261 de
1139 1196 1315 1278 extispicio
1327 1197 1418 1280 leges
1434 1199 1533 1280 plana

353 1296 442 1363 iuter
484 1315 520 1362 se
556 1296 769 1378 conspirasse.
834 1299 1016 1364 Praeterea
1060 1304 1169 1364 autem
1214 1301 1380 1366 concludit
1418 1304 1532 1367 contra

270 1461 274 1469 ,
353 1398 604 1465 Muellerum
643 1398 888 1466 atestimoniis
929 1401 1124 1481 quibusdam
1157 1403 1198 1467 de
1231 1402 1439 1468 orientalium
1476 1402 1532 1484 qui

353 1506 512 1568 vocantur
533 1502 724 1584 populorum
746 1502 918 1584 extispicio
948 1503 1044 1569 nobis
1067 1503 1212 1571 servatis
1243 1523 1284 1569 ex
1314 1505 1451 1570 orientis
1480 1524 1531 1571 re·

352 1602 504 1685 gionibus
525 1605 556 1670 h.
580 1623 605 1670 e.
628 1623 646 1669 e
670 1604 907 1685 Mesopotamia
929 1606 1101 1671 amandam
1132 1625 1204 1672 esse
1227 1606 1394 1688 extispicii
1416 1612 1531 1674 artem.

352 1706 445 1772 Haec
473 1725 552 1773 vero
581 1725 639 1772 uos
669 1706 799 1786 quidem
826 1707 958 1788 saepius
997 1710 1134 1774 eandem
1161 1708 1386 1789 quaestionem
1423 1708 1532 1775 auimo

352 1812 523 1875 versantes
552 1812 762 1890 comprobare
790 1828 855 1875 nou
885 1829 1063 1892 possumus.
1108 1810 1181 1893 Qua
1211 1813 1250 1876 de
1280 1830 1381 1902 causa
1411 1811 1531 1878 iterum

352 1913 393 1976 de
422 1911 593 1993 extispicio
623 1911 827 1978 instituimus
865 1913 1134 1994 disquisitionem.
1193 1914 1244 1979 Ac
1272 1903 1407 1996 primo
1433 1914 1531 1979 huius

352 2012 664 2078 dissertatiunculae
701 2015 809 2095 capite
855 2033 915 2097 per
959 2016 1115 2096 temporis
1148 2017 1294 2082 ordinem
1331 2016 1531 2100 collegimus,

351 2121 509 2194 quantum
530 2113 604 2180 fieri
625 2115 742 2199 potuit,
772 2116 880 2183 omnia
901 2116 1092 2184 testimonia
1121 2119 1250 2184 Graeca
1280 2123 1316 2184 et
1337 2121 1485 2186 Romana
1496 2118 1530 2205 ¹),

351 2220 389 2282 ut
411 2216 598 2283 accuratius
627 2219 732 2283 denuo
762 2216 849 2284 iuter
878 2237 914 2284 se
943 2217 1126 2300 comparari
1159 2226 1309 2302 posseut3
1341 2239 1406 2300 qua
1435 2222 1471 2287 iu
1492 2241 1529 2287 re

351 2336 521 2400 speramus
557 2337 664 2399 neque
685 2321 804 2385 'multa
840 2340 947 2402 neque
978 2321 1098 2404 gravia
1128 2341 1186 2389 uos
1217 2321 1352 2404 fugisse.
1411 2323 1528 2405 Capite

351 2421 492 2486 altero
522 2423 562 2488 dc
592 2421 801 2502 antiquorum
830 2422 1007 2489 sententiis
1036 2429 1072 2490 et
1100 2423 1413 2508 interpretamentis,
1444 2445 1530 2506 quae

351 2527 429 2588 sunt
451 2524 491 2588 de
511 2523 692 2608 extispicio,
724 2524 912 2591 referemus.
955 2526 1114 2610 Denique,
1144 2526 1223 2607 quid
1252 2527 1346 2594 nobis
1377 2530 1417 2594 de
1445 2529 1529 2612 euti-

350 2624 447 2706 spioii
468 2625 594 2710 origiue
618 2645 657 2693 ac
679 2627 715 2695 vi
737 2630 931 2694 censendum
954 2629 1006 2712 sit,
1029 2647 1225 2711 exponemus
1249 2630 1359 2712 capite
1381 2631 1530 2697 tertio.

438 2810 458 2880 ¹)
476 2813 610 2867 Romanos
632 2813 751 2880 plurima
773 2814 898 2869 Etruscis
921 2815 1046 2870 debuisse
1068 2816 1124 2871 iam
1147 2817 1196 2870 hoc
1219 2818 1276 2872 loco
1299 2833 1435 2885 moneam3
1463 2834 1527 2872 nam

348 2897 529 2951 Romanorum
547 2898 692 2966 extispices
710 2899 841 2954 Etruscos
860 2900 945 2955 luisse
956 2901 1069 2956 natione
1086 2901 1112 2956 J.
1131 2902 1312 2958 Ravenius
1330 2903 1530 2958 demonstravit

349 2979 538 3036 dissertatione
555 2999 577 3036 s.
594 2982 612 3037 l.
