3506 5226
338 329 402 395 236
790 324 922 393 Georgius
940 324 1054 377 Blocher
1463 323 1517 410 [66

337 499 513 579 Obliquum
535 497 637 563 etiam
656 495 795 562 cultrum
811 513 832 560 a
846 494 954 560 fronte
970 512 1073 575 usque
1093 495 1135 558 ad
1151 495 1289 559 caudam
1311 498 1389 559 ante
1404 494 1515 561 immo-

336 601 491 668 lationem
514 602 633 666 ducere
655 600 902 679 consueverant,
925 597 1048 677 quoda
1070 595 1186 663 Servio
1209 596 1288 662 item
1309 597 1513 678 probationis

335 706 406 771 loeo
434 702 615 787 habetur.²)
671 701 834 767 Romanos
865 699 953 781 ipsos
982 701 1068 764 huno
1097 699 1198 764 ritum
1228 717 1293 764 non
1322 704 1413 766 recte
1442 719 1516 782 per-

336 805 483 888 spexisse
504 804 685 887 posteriore
708 821 789 870 aevo
812 804 906 868 docet
921 801 1033 869 Ovidii
1057 801 1217 867 fastorum
1239 802 1515 884 lib.1319seqq.,

338 909 403 992 qui,
425 908 483 974 ubi
504 910 546 972 de
559 907 700 988 Apoaali
718 906 785 970 lace
802 905 937 985 eiusque
955 903 1083 970 nomine
1106 904 1265 986 disputat,
1288 911 1517 970 commemorat

336 1011 506 1092 praevisos
530 1010 566 1074 in
588 1027 675 1089 aqua
696 1007 808 1073 timeri
830 1008 872 1072 ab
896 1006 1006 1073 hostia
1040 1007 1215 1074 cultros,
1259 1008 1326 1073 Per
1354 1026 1390 1073 se
1420 1013 1517 1089 patet

336 1114 396 1179 hoc
420 1115 463 1178 ad
477 1117 606 1194 gestum
621 1110 713 1176 illum
734 1114 826 1175 recte
841 1107 1104 1190 perspiciendum
1119 1109 1203 1174 nihil
1219 1109 1341 1192 valere,
1364 1115 1403 1175 ut
1417 1116 1517 1192 poeta

335 1214 465 1297 ipsein
488 1213 621 1279 dubium
643 1232 712 1278 rem
735 1217 840 1279 vocat.
885 1211 1036 1277 Servium
1052 1218 1185 1277 secutus
1208 1212 1246 1278 G.
1270 1211 1515 1297 Wissowa2)

336 1319 396 1382 hoc
418 1318 601 1382 madorem
624 1313 790 1396 exposuit:
816 1313 882 1376 Der
907 1313 1065 1394 optanda
1086 1313 1186 1378 deatet
1215 1315 1265 1377 die
1285 1316 1409 1397 Titana
1437 1335 1516 1398 syrio

336 1418 447 1483 boiaco
469 1437 512 1481 aa
527 1417 626 1481 durch
640 1419 730 1480 cioca
745 1415 933 1480 bestimmten
949 1415 1060 1479 Gestas
1074 1418 1131 1479 mot
1146 1416 1215 1480 deno
1229 1417 1358 1482 Masser.
1395 1418 1516 1484 Nostra

337 1521 504 1587 sententia
522 1520 575 1585 hic
595 1519 680 1585 ritus
695 1519 836 1585 fortasse
847 1519 947 1584 aliam
967 1519 1070 1584 habet
1088 1519 1163 1602 vim,
1184 1538 1268 1600 quae
1288 1521 1410 1601 optime
1422 1521 1516 1586 nobis

335 1623 524 1689 illustratur
538 1641 599 1688 usu
615 1623 754 1702 quodam
770 1621 1061 1702 aGeoponioorum
1078 1626 1210 1687 auctore
1228 1622 1400 1704 descripto.
1432 1622 1516 1689 Sunt

337 1725 406 1792 eius
429 1727 531 1792 verba
553 1724 687 1809 haec³):
717 1721 745 1786 εἰ
775 1721 810 1786 δὲ
839 1721 939 1806 θέλῃς
961 1723 1038 1785 κύνα
1059 1721 1102 1806 μὴ
1134 1725 1263 1808 φεύγειν
1292 1726 1400 1809 χρίοον
1422 1723 1517 1809 ἄρτον

336 1829 477 1911 βοοούρῳ
498 1827 552 1890 καὶ
581 1824 636 1900 δὸς
666 1825 750 1908 αὐτῷ
772 1824 895 1908 λείχειν,
923 1820 1098 1910 ἢκαλάμῳ
1127 1824 1212 1912 ὑγρῷ
1240 1830 1396 1912 μέτρησον
1424 1825 1518 1890 αὐτὸν

337 1928 403 1993 ἀπὸ
425 1929 566 2014 κεφαλῆς
588 1927 650 2004 ἕως
670 1936 724 2013 τῆς
746 1927 851 2014 οὐρᾶς.
897 1927 997 1994 Canis
1027 1928 1133 2012 igitur
1160 1948 1201 1995 ne
1233 1930 1388 2012 aufugiat
1415 1931 1517 1997 viridi

335 2033 520 2098 harundine
541 2051 562 2097 a
584 2032 694 2111 capite
717 2049 821 2112 usque
850 2034 894 2097 ad
918 2033 1056 2096 caudam
1078 2036 1233 2097 metatur.
1277 2033 1368 2098 Luce
1391 2033 1514 2099 clarius

337 2138 389 2199 est
411 2134 496 2198 hanc
518 2152 590 2198 esse
612 2133 782 2198 defixionis
798 2131 907 2216 ritum,
930 2152 1025 2214 quem
1047 2151 1105 2199 nos
1125 2153 1277 2201 vocemus
1293 2135 1514 2201 Baaaaaaber.

338 2236 452 2316 Neque
473 2234 635 2317 quispiam
657 2254 721 2301 non
744 2238 901 2302 concedet
923 2236 1005 2301 haec
1028 2255 1100 2301 cum
1124 2236 1236 2302 verbis
1256 2236 1323 2301 illis
1346 2238 1517 2303 Servianis

339 2337 503 2404 artissimo
525 2337 657 2404 viuculo
679 2357 751 2404 esse
771 2357 926 2404 connexa.
970 2339 1053 2404 Nam
1077 2339 1191 2403 eadem
1224 2338 1259 2402 in
1285 2341 1425 2419 utroque
1448 2340 1517 2404 ani·

337 2441 417 2507 mali
439 2445 491 2506 est
519 2440 606 2507 actio
629 2441 927 2524 circumscribendi,
957 2459 1021 2521 qua
1043 2440 1148 2521 ipsum
1176 2440 1300 2506 animal
1323 2443 1366 2506 ad
1388 2445 1515 2506 certam

337 2545 442 2609 locum
465 2545 528 2627 vel,
558 2549 596 2610 ut
617 2543 740 2610 rectius
770 2544 925 2625 dicamus,
954 2542 989 2608 in
1012 2543 1181 2608 cuiusdam
1210 2547 1408 2625 potestatem
1439 2544 1518 2609 defi-

337 2645 436 2728 gitur.
482 2646 575 2731 Quod
589 2647 814 2713 sacrificantes
836 2645 871 2711 in
893 2646 954 2711 boc
976 2647 1159 2711 utebantur
1180 2645 1287 2713 cultro
1309 2665 1373 2712 non
1397 2647 1517 2711 barun-

337 2747 422 2830 dine,
444 2748 492 2814 nil
507 2752 623 2815 contra
644 2749 746 2831 valet,
761 2747 915 2829 quoniam
931 2748 1037 2813 codter
1059 2749 1140 2812 mola
1154 2749 1239 2812 salsa
1253 2769 1398 2830 aspersa
1408 2749 1434 2834 ⁴)
1458 2751 1517 2814 deo

338 2855 411 2916 erat
425 2851 615 2935 sacratus.⁶)
658 2851 768 2931 Atque
790 2849 895 2915 cultro
910 2850 968 2914 illo
983 2850 1114 2932 obliquo
1130 2850 1230 2917 ctiam
1246 2852 1349 2918 molas
1364 2853 1518 2918 inducere

338 2952 526 3036 solebant.⁰)
571 2951 635 3036 Qui
657 2954 718 3016 hoc
739 2952 838 3033 plane
859 2953 1075 3034 perspexerit,
1097 2972 1185 3019 nunc
1213 2959 1305 3020 recte
1335 2961 1517 3040 cognoscet,

338 3071 397 3118 cur
440 3053 549 3119 hostio
589 3055 631 3120 ab
676 3071 735 3119 ara
772 3053 947 3136 aufugiens
987 3055 1250 3122 sacrificantibus
1295 3064 1364 3123 tam
1397 3059 1518 3124 malum

338 3155 532 3236 praebuerit
568 3174 677 3238 omen,
715 3155 749 3220 id
786 3158 871 3236 quod
907 3157 1096 3223 testimonia
1133 3177 1198 3224 uno
1234 3159 1329 3238 quasi
1366 3179 1423 3226 ore
1459 3179 1517 3225 nos

339 3260 456 3324 docent
468 3259 507 3343 7);
537 3259 721 3326 devotionis
753 3259 838 3324 enim
871 3259 939 3325 vim
968 3259 1099 3325 irritam
1134 3260 1289 3326 reddidit.
1341 3260 1412 3342 Quo
1450 3261 1518 3327 ritu

337 3365 473 3442 peracto
498 3363 608 3428 hostia
630 3364 833 3443 mactatur8)
862 3362 1058 3444 aesopicae
1087 3361 1273 3444 eripiuntur
1303 3367 1396 3444 exta,
1434 3382 1517 3444 quae

339 3463 447 3529 calida
475 3464 711 3547 inspicIuntur,
746 3483 786 3530 ex
808 3463 913 3530 forma
942 3464 1012 3530 sola
1042 3467 1129 3545 apud
1151 3465 1318 3530 Romanus
1341 3464 1471 3545 quidem
1483 3467 1517 3550 9),

428 3618 447 3686 ¹)
465 3618 509 3671 Ad
526 3619 593 3672 Aen.
611 3618 668 3672 XII
685 3617 759 3670 173.
1060 3615 1080 3685 ²)
1099 3617 1129 3670 L.
1147 3617 1165 3670 1.
1183 3632 1209 3684 p.
1227 3616 1288 3669 352.

428 3701 447 3770 ³)
466 3702 583 3770 Geopon.
601 3718 657 3757 cur.
675 3703 767 3757 Beckh
785 3703 853 3756 XIX
870 3703 895 3770 2,
914 3703 955 3756 16.
1054 3702 1075 3768 ⁴)
1094 3701 1169 3756 Serv.
1188 3702 1223 3756 ed
1234 3702 1317 3772 Verg.
1331 3703 1398 3757 Aen.
1410 3704 1440 3757 II
1459 3704 1516 3758 133.

424 3787 446 3855 ⁵)
466 3787 540 3841 Serv.
559 3787 594 3841 ad
611 3789 694 3856 Verg.
713 3789 780 3842 Aen.
798 3788 840 3842 IV
858 3789 918 3841 262.
1057 3786 1077 3852 ⁶)
1094 3787 1160 3843 Luc.
1178 3787 1273 3842 Phars.
1291 3787 1383 3842 1610.

426 3871 446 3940 ⁷)
465 3871 525 3926 Liv.
543 3873 611 3926 XXI
634 3873 680 3941 63,
704 3872 770 3927 Luc.
794 3873 889 3927 Phars.
907 3872 963 3928 VH
990 3871 1053 3939 165;
1078 3872 1152 3927 Suet.
1176 3873 1237 3929 Tib.
1256 3873 1302 3942 10;
1327 3874 1426 3929 Festus
1451 3891 1470 3928 s.
1490 3890 1518 3928 v.

335 3956 494 4026 piacularia
511 3956 637 4026 auspicia
654 3975 680 4026 p.
698 3957 750 4011 245
767 3958 803 4012 Μ.

426 4043 448 4112 “)
466 4042 540 4097 Serv.
558 4044 593 4097 ad
610 4042 693 4112 Verg.
712 4042 775 4097 (iao.
794 4043 919 4111 1n492;
939 4043 972 4098 el.
990 4044 1056 4099 llur.
1075 4043 1117 4098 El.
1134 4043 1187 4097 813
1196 4060 1269 4112 seqq.

425 4128 447 4192 ο)
468 4129 498 4184 V.
516 4144 600 4196 snpra
615 4145 641 4197 p.
659 4127 694 4180 48
706 4144 761 4196 seq.
784 4134 901 4196 atquae
919 4145 1001 4197 supra
1024 4129 1197 4197 exposuimus
1221 4130 1255 4183 de
1272 4129 1343 4184 situs
1368 4135 1397 4184 et
1422 4129 1517 4184 coloris

339 4220 464 4269 extorum
481 4213 647 4282 inspectione
665 4229 691 4281 p.
709 4214 840 4282 52seqq.;
858 4214 1047 4283 Deeekins,
1067 4214 1115 4282 qui
1132 4215 1150 4269 l.
1163 4215 1181 4269 l.
1193 4231 1220 4283 p.
1231 4215 1267 4267 69
1279 4215 1362 4270 etism
1375 4213 1518 4284 sanguinis

339 4298 477 4354 effluentis
494 4303 523 4353 et
539 4316 565 4368 p.
585 4298 618 4352 70
635 4298 707 4353 tabis
724 4298 819 4353 iecoris
837 4300 1003 4355 notatIonem
1021 4300 1050 4353 iu
1069 4299 1241 4367 extispicium
1264 4299 1369 4368 intulit,
1394 4299 1517 4368 neglexit
