3508 5068
328 415 399 482 ΠΕ
794 411 929 483 Georgius
946 410 1060 466 Blooher
1473 415 1505 495 [8

410 584 509 652 Xen.
532 583 616 651 Heu.
639 583 686 650 IV
710 584 739 666 7,
763 583 799 648 7:
828 581 1119 668 (Ἀγησίπολις)
1149 580 1405 666 βουλόμενος
1423 603 1505 647 τει-

201 721 203 728 ’
324 689 444 767 χίσαι
473 683 680 774 φρούριόν
707 707 747 748 τι
776 730 783 746 .
808 729 847 745 ..
878 682 1043 748 ἐθύετο·
1073 682 1129 748 καί
1158 681 1289 770 έφόνη
1323 682 1429 768 αύτῷ
1459 685 1505 750 τὰ

221 822 223 830 ¹
326 788 417 874 ἱερά
439 787 571 872 ἄλοβα
594 833 601 851 .
626 834 634 850 .
659 833 666 849 .
689 786 878 874 ἀπήγαγε
898 787 941 850 τό
964 785 1209 871 στράτευμα.

240 913 242 920 X
411 925 616 993 Xen.Hell.
644 925 693 991 IV
722 925 751 1007 8,
778 924 837 990 36:
873 921 904 989 ‘O
933 918 1168 1006 Ἀναξίβιος
1197 920 1505 1007 ἀπεπορεύετο,

325 1027 371 1106 ὡς
392 1025 597 1111 μένέίίχετο,
620 1024 806 1091 οὒδὲτῶν
828 1023 949 1112 ἱερῶν
968 1028 1253 1110 γεγενημένων
1273 1024 1379 1108 αύτῷ
1402 1023 1505 1110 ἐκείνη

324 1141 361 1214 νο
382 1127 493 1216 όνίεε·

410 1267 508 1333 Xen.
537 1265 652 1350 Oyrop.
682 1266 718 1332 Π
739 1268 769 1348 4,
800 1267 857 1332 18:
894 1264 930 1329 ‘0
959 1262 994 1329 δέ
1021 1272 1153 1350 Κῦρος
1182 1258 1331 1328 ἐθύετο
1360 1261 1432 1328 ἐπὶ
1459 1275 1505 1348 τῇ

325 1370 479 1455 πορείᾳ
501 1411 509 1432 .
533 1413 541 1431 .
565 1414 572 1429 .
595 1370 783 1452 γίγνεται
805 1378 849 1451 τῷ
871 1368 965 1454 Κύρῳ
985 1365 1033 1430 τό
1056 1365 1164 1452 ἱερά,
1194 1362 1252 1431 ἐπί
1271 1365 1325 1430 τὸν
1346 1370 1507 1452 Ἀρμένιον

326 1469 416 1544 ἰέναι,
438 1469 530 1534 καλά.

410 1605 608 1691 Polyaen.
631 1603 917 1690 Strat.1119,8-:
952 1605 997 1671 ol
1019 1606 1191 1689 μάντεις
1219 1604 1323 1670 καλὰ
1346 1605 1393 1670 τὰ
1414 1605 1506 1691 ἱερὰ
1559 1673 1563 1681 ,

325 1707 566 1794 προύλεγον.
589 1706 660 1772 ἀλλ’
684 1706 742 1772 ούκ
763 1704 867 1792 έκρινε
886 1708 1145 1795 παρατάξασθαι
1166 1705 1432 1794 (Ἰφικράτης).

410 1846 698 1930 Polyb.VII11-:
712 1845 929 1911 Φιλίππου
943 1855 1015 1911 τὀῦ
1029 1845 1239 1930 βασιλέως
1254 1843 1505 1909 Μακεδόνων

324 1947 393 2030 τὴν
413 1957 492 2010 τῶν
512 1950 756 2033 Μεσσηνίων
784 1945 1018 2034 ἀκρόπολιν
1046 1958 1273 2029 κατασχεῖν
1302 1946 1505 2032 βουλομέ-

326 2069 395 2112 νου
418 2094 426 2110 .
450 2095 458 2111 .
481 2097 488 2112 .
511 2049 566 2112 καὶ
587 2050 766 2124 θύοντος
787 2049 844 2134 (τῷ
866 2052 1009 2134 Διί)...
1032 2045 1344 2132 κατὰτὸνέθιομὸν
1366 2047 1505 2115 ἐκτῶν

325 2152 539 2215 τυθέντων
561 2147 729 2237 ἱερείων
747 2152 1122 2236 προσενεχθέντων
1143 2151 1504 2236 αότῳτῶνσπλόχ-

326 2275 445 2350 χυων,
469 2251 699 2335 δεξάμενος
720 2249 778 2329 εἰς
797 2251 1031 2338 τὰςχεῖρας
1052 2253 1108 2316 καὶ
1130 2254 1260 2339 βραχὺ
1284 2252 1506 2330 διακλίνας

324 2354 443 2441 ἤρετο
480 2357 713 2442 προτείνων
747 2363 838 2430 τοῖς
870 2356 973 2441 περὶ
1007 2353 1075 2420 τὸν
1099 2355 1357 2443 Ἄρατον,·τί
1390 2353 1506 2420 δοκεῖ
1627 2405 1629 2408 ,

324 2455 373 2521 τὰ
401 2454 497 2542 ἱερὰ
519 2460 757 2542 σημαίνειν,
788 2456 970 2542 πότερον
1000 2455 1204 2544 ἐκχωρεῖν
1232 2466 1301 2544 τῆς
1330 2457 1458 2544 ἄκρας
1487 2455 1506 2540 ἢ

326 2569 495 2646 κρατεῖν
516 2559 647 2645 αὐτῆς.

409 2698 606 2780 Polyaen.
628 2697 730 2763 Strat.
755 2698 802 2764 IV
825 2699 861 2764 3:
892 2693 1161 2783 Ἀλέξανδρος
1183 2694 1309 2762 ὁπότε
1332 2698 1423 2783 παρὰ
1444 2709 1506 2762 τῶν

324 2800 466 2881 μάντεων
494 2798 616 2883 ἤκουε
642 2798 746 2862 καλὰ
781 2803 1000 2882 γεγονέναι
1032 2799 1080 2863 τά
1110 2798 1216 2886 ἱερά,
1254 2805 1506 2888 περιφέρειν

326 2895 491 2963 ἐκέλευε
512 2900 559 2962 τὰ
588 2899 722 2984 ἱερεῖα
752 2899 822 2964 καὶ
851 2899 1067 2966 δεικνύναι
1096 2913 1185 2978 τοῖς
1215 2907 1504 2989 στρατιώταις.

411 3054 579 3120 Arrian.
602 3053 709 3121 Anab.
724 3054 773 3120 IV
787 3056 816 3136 4,
832 3055 867 3120 3:
899 3059 1091 3140 θυομένῳ
1115 3054 1151 3119 δὲ
1165 3057 1222 3142 (τῷ
1239 3055 1505 3141 Ἀλεξάνδρῳ)

326 3155 401 3221 ἐπὶ
420 3167 465 3240 τῇ
490 3153 752 3238 όιαβόσειτὰ
773 3155 865 3242 ἱερὰ
888 3156 960 3220 οὐκ
982 3155 1179 3240 έχίχνετο.
1204 3156 1221 3222 ὃ
1244 3156 1280 3221 δέ
1301 3161 1427 3244 βαρέως
1448 3157 1508 3239 μὲν

329 3256 447 3346 έφερεν
468 3257 505 3322 οὐ
526 3260 727 3342 γιγνομένων,
751 3258 839 3341 ὅμως
862 3258 897 3324 δὲ
926 3259 1087 3346 ἐκαρτέρει
1108 3261 1163 3325 καί
1185 3257 1299 3342 ἔμενεν.
1324 3257 1427 3334 ὡςδὲ
1450 3258 1506 3324 οὐκ

327 3360 454 3426 ἀνίεσαν
469 3361 499 3425 οἱ
514 3363 651 3435 Σκύθαι,
674 3355 802 3438 αὖθις
817 3359 888 3426 ἐπὶ
909 3373 954 3448 τῇ
969 3362 1169 3448 διαβάσει
1185 3357 1351 3426 ἐθύετο·
1371 3360 1440 3424 καὶ
1459 3356 1506 3426 αὖ

326 3459 1297 3551 ἒςκίνδυνοναύτῷσημαίνεσθαιᾌρίστανδρος
1319 3461 1337 3529 ὁ
1360 3465 1507 3546 μάντις
1570 3487 1572 3491 ·

325 3566 525 3653 ἔφραζεν.
565 3564 582 3631 ό
613 3565 655 3631 δέ
687 3577 882 3653 κρεῖσσον
918 3563 980 3654 έφη
1017 3564 1057 3643 ἐς
1094 3564 1268 3647 ἔσχατον
1311 3565 1506 3632 κινδύνου

326 3667 470 3734 έλθεῖν
490 3663 510 3750 ἢ
532 3670 1139 3754 κατεστραμμένονξύμπαοαν
1161 3668 1305 3752 όλίχου
1328 3668 1418 3733 δεῖν
1438 3667 1506 3753 τὴν

321 3771 455 3836 Ἀσίαν
475 3771 637 3855 γέλωτα
659 3765 770 3836 εἶναι
790 3773 977 3850 Σκύθαις
1000 3769 1341 3859 ···Ἅ9ίσταίόέθέὄὲ
1363 3769 1420 3836 Οὐκ
1442 3768 1505 3858 ἔφη
1541 3858 1546 3867 .

325 3872 417 3959 παρὰ
438 3872 478 3936 τὰ
500 3867 534 3936 έκ
554 3884 611 3938 τοῦ
631 3876 727 3938 θείου
743 3874 955 3961 σημαινόμενα
978 3872 1060 3939 όλλα
1080 3872 1330 3954 ἀποδείξασθαι,
1353 3873 1402 3940 ότι
1425 3871 1505 3939 ἄλλα

327 3971 435 4042 ἐθέλει
455 3975 592 4040 ἀκοῦσαι
606 3973 817 4061 Ἀλέξανδρος.
825 3977 848 4062 ι)

413 4112 920 4180 ΟοεεΒαέῊίεοΑΙεκύΠ
937 4114 1009 4197 7,8;
1038 4112 1306 4199 (Alexander)
1330 4113 1387 4194 qui
1409 4117 1506 4194 post

327 4216 507 4283 Dareum
529 4215 689 4282 victum
711 4216 905 4282 hariolos
933 4224 974 4283 et
1001 4221 1125 4284 vates
1148 4217 1369 4283 consulere
1391 4215 1506 4280 desi·

229 4353 304 4484 ,Ἓξ
414 4384 435 4454 ¹)
454 4383 494 4439 οι.
512 4383 621 4439 κιεω.
640 4384 725 4439 Anah.
744 4385 770 4440 v
787 4385 812 4454 ε,
830 4384 855 4439 ε.
