3508 5068
228 423 285 510 33]
481 363 483 368 Ι
631 424 672 478 De
689 422 830 492 extispicio
848 423 940 491 capita
956 423 1012 478 tria
1344 425 1408 492 203

228 593 409 678 permutas
431 597 549 677 gentes
571 591 661 658 nullo
684 593 774 658 cultu
796 596 856 658 ani
878 590 1056 675 disciplina
1083 593 1298 679 assuefactos,
1326 613 1409 678 quas

229 714 322 763 nemo
346 715 418 762 cum
441 693 579 782 Graecis
605 694 659 761 vel
681 692 837 760 Romanis
860 695 926 761 ullo
949 713 1100 776 umquam
1119 695 1252 763 vinculo
1274 715 1409 764 connec-

229 803 303 864 tere
324 797 470 881 audebit,
493 815 652 864 summum
674 802 871 864 momentum
893 797 1077 864 attribuere
1107 796 1210 864 eidem
1237 797 1410 867 divinandi

230 900 356 984 generi,
367 900 392 984 ¹)
414 919 478 967 non
493 918 665 982 possumus
679 918 745 965 non
761 917 938 982 agnoscere
953 899 1044 966 illam
1059 899 1233 968 diuinandi
1247 900 1409 968 rationem

231 1003 319 1085 apud
340 1001 487 1085 singulos
509 1004 645 1084 populos
669 1003 712 1068 ab
727 1002 800 1084 ipsa
822 1007 944 1068 natura
965 1001 1145 1083 profectam
1161 1006 1195 1069 et
1217 1020 1277 1069 sua
1292 1008 1410 1085 sponte

229 1123 302 1172 esse
317 1109 439 1171 natam.
472 1105 546 1189 Qua
560 1124 596 1171 re
612 1103 770 1172 videlicet
784 1123 848 1170 non
863 1104 1066 1186 impedimur,
1081 1104 1252 1185 quominus
1266 1104 1410 1172 libenter

232 1209 447 1273 concedamus
469 1207 650 1288 complures
672 1207 825 1274 nationes
846 1206 1028 1288 posteriore
1051 1225 1141 1292 aevo,
1172 1225 1243 1273 cnm
1265 1205 1410 1275 inuersa
1475 1237 1477 1242 ·

231 1309 458 1376 commercium
487 1311 609 1376 habere
646 1310 847 1393 coepissent,
880 1329 990 1376 secum
1026 1308 1279 1376 communicasse
1318 1309 1410 1377 illins

229 1410 426 1494 disciplinae
447 1414 547 1496 leges,
569 1413 605 1479 id
626 1415 711 1494 quod
733 1417 897 1494 quatenus
912 1412 1037 1479 factum
1053 1417 1149 1496 esset,
1172 1412 1237 1479 iam
1259 1414 1302 1480 ab
1324 1413 1410 1480 anti·

198 1542 200 1548 ¹
229 1514 306 1595 quis
328 1514 409 1597 ipsis
432 1515 690 1601 quaerebatur.²)

231 1638 438 1647 *—

319 1684 491 1754 ¹)·Exempla
508 1690 605 1753 postea
622 1684 765 1738 afferamus
783 1684 812 1738 in
830 1683 920 1751 capite
937 1683 989 1737 ΙΠ.

317 1769 339 1836 ¹)
356 1769 428 1825 Vide
444 1769 581 1824 Ciceronis
598 1770 686 1824 locum
704 1783 787 1838 supra
804 1784 830 1836 p.
844 1768 878 1822 32
895 1767 1045 1823 laudatum.

288 4484 609 4542 Religionagaachiohtlicha
622 4483 779 4532 versucias.
793 4484 953 4531 vorarbeiuen
965 4485 997 4530 11.
1227 4468 1260 4522 14
