3508 5068
233 397 287 485 55]
623 397 665 450 De
684 395 825 465 extispicio
843 396 935 464 oepita
952 395 1007 450 tria
1351 397 1415 462 225

232 589 299 633 com
314 568 531 634 Sobaltcrblott
545 567 627 650 boisil
641 567 735 630 Heus
746 567 770 652 1)
794 568 840 645 (io
854 566 1028 647 Bosno'co);
1045 567 1097 629 ist
1118 565 1190 630 dos
1210 565 1414 631 Solrdssel-

230 671 326 735 chen
354 671 453 748 coll,
483 689 517 734 so
545 669 626 734 ccird
655 669 755 733 octob
780 668 852 732 dos
873 667 989 732 Hoos
1018 669 1098 732 coll
1124 667 1191 732 ννιᾶ
1220 667 1292 732 dos
1311 668 1416 733 ἄνᾶν

229 773 454 854 frocbtbor
473 774 550 850 seio,
565 773 620 836 ist
641 770 1023 836 dosScbr'issclcbcrc
1037 769 1216 852 ἄνθορεν
1238 771 1317 852 ticf
1334 771 1417 835 νννᾶ

232 877 339 955 bobo,
370 897 404 940 so
424 876 489 958 pict
510 895 541 939 cs
570 877 635 939 cin
657 894 838 956 mopcrcs
858 874 965 939 ἄνᾶν
985 874 1054 938 aad
1074 873 1132 938 clas
1152 872 1268 937 Hous
1289 874 1416 938 oletot

232 980 336 1056 leem
363 980 444 1060 ceipt
466 978 524 1042 dos
545 977 759 1042 Scbdsselcbca
786 977 1005 1058 Verliefoopea
1027 977 1082 1040 wic
1106 995 1165 1040 ooo
1186 975 1319 1040 messer-
1342 976 1417 1040 oder

232 1081 460 1158 chclstt‘chea,
494 1101 528 1144 so
560 1079 661 1144 derebt
692 1079 758 1144 dies
790 1080 852 1161 auf
881 1080 932 1143 ἄν
970 1078 1058 1144 Grob
1081 1128 1088 1142 .
1113 1128 1120 1142 .
1145 1131 1151 1144 .
1173 1080 1224 1142 ἄν
1256 1078 1416 1143 diciocr

232 1184 314 1266 Riss
341 1182 437 1247 oder
465 1183 630 1265 Sproap
660 1183 793 1248 dcdcatet
826 1184 945 1246 cinea
972 1182 1149 1263 joppen,
1186 1183 1237 1246 cm
1269 1186 1416 1264 prosscr

230 1288 350 1350 cioca
370 1286 651 1350 erwocbscnca
668 1284 901 1368 Mccsclcca,
924 1289 958 1350 et
980 1305 1010 1366 p.
1035 1285 1114 1350 169:
1138 1284 1197 1348 den
1220 1285 1325 1349 obcrea
1348 1286 1416 1350 Tell

233 1389 285 1453 dor
309 1389 481 1467 Kooclrcm,
517 1388 572 1452 der
603 1409 661 1453 oca
693 1388 748 1452 der
782 1389 872 1452 anca
899 1387 980 1452 Seite
1010 1407 1070 1452 ocos
1102 1386 1169 1451 ἄινν
1199 1388 1416 1454 salomona

233 1491 418 1574 Ιινννοννανᾶ,
441 1491 523 1575 bapt
543 1512 618 1556 mco
640 1493 689 1573 (ἄν
710 1491 854 1572 Serdica)
877 1491 1036 1571 djclmc=
1058 1489 1113 1553 der
1135 1490 1326 1554 Tramboom
1348 1491 1416 1554 ννιᾶ

226 1595 262 1675 je
282 1595 367 1658 νιᾶιν
388 1615 422 1658 er
439 1595 633 1676 pobelmdldop
655 1593 829 1675 aeremberti,
853 1613 888 1658 so
910 1592 973 1674 ἄνβ
994 1612 1068 1656 moa
1088 1593 1151 1674 auf
1168 1592 1223 1656 ibn
1244 1598 1336 1657 awos
1357 1614 1414 1657 oc·

231 1697 339 1761 lehnert
360 1697 478 1777 deducte,
509 1697 591 1761 desto
610 1696 706 1776 festor
724 1695 842 1776 pefdpt,
872 1699 942 1776 sapt
964 1715 1047 1772 mon,
1069 1696 1115 1758 sei
1135 1694 1192 1758 der
1209 1694 1415 1759 Trombollccn

231 1799 284 1863 des
305 1799 438 1864 Houses.
481 1798 653 1864 Permulta
682 1802 816 1864 exstant
852 1797 920 1863 alia
950 1798 1100 1879 exempla
1121 1796 1260 1862 rationis
1293 1796 1415 1863 similia

231 1921 274 1967 ex
297 1901 461 1967 similibus
484 1899 700 1967 coniectandi.
730 1900 831 1966 Nemo
847 1904 956 1966 autem
972 1899 1039 1965 nisi
1054 1899 1110 1980 qui
1125 1901 1185 1966 hoc
1200 1899 1413 1983 perspexerit,

232 2003 316 2069 satis
354 2003 543 2087 intelleget,
578 2005 734 2084 quomodo
767 2003 893 2069 factum
915 2002 968 2086 sit,
1001 2007 1040 2068 ut
1073 2005 1188 2068 tantae
1222 2003 1415 2069 exstiterint

233 2105 467 2172 similitudines
489 2106 578 2172 iuter
597 2106 795 2174 Graecorum
813 2111 846 2172 et
864 2106 1079 2172 Etruscorum
1097 2105 1313 2190 extispicium,
1334 2105 1414 2173 licet

235 2209 375 2274 alterum
414 2228 455 2274 ex
491 2210 595 2276 altero
633 2209 779 2277 derivari
816 2229 881 2276 non
910 2209 1024 2292 possit.
1074 2210 1128 2275 Ab
1157 2210 1218 2276 illa
1254 2209 1414 2277 communi

235 2311 431 2395 vulgarique
453 2313 643 2395 sympathia
664 2312 806 2394 profecti
827 2313 862 2377 in
885 2311 1026 2394 singulis
1041 2313 1139 2378 rebus
1154 2311 1414 2392 interpretandis

231 2433 303 2480 sese
326 2417 613 2482 accommodabant
644 2420 793 2480 extorum
824 2414 1025 2495 interpretes
1054 2415 1107 2479 sui
1135 2414 1272 2494 quisque
1302 2413 1414 2494 populi

232 2517 484 2584 condicionibus.
529 2519 600 2582 lam
629 2536 694 2582 non
727 2515 891 2596 miramur,
922 2516 1008 2593 quod
1038 2532 1084 2587 ea,
1115 2533 1197 2594 quae
1228 2516 1272 2578 ad
1301 2515 1413 2595 vitam,

231 2626 382 2703 mortem,
419 2639 473 2686 res
515 2619 663 2684 omnibus
703 2616 831 2696 populis
872 2631 1054 2679 communes
1087 2616 1285 2696 spectabant
1317 2615 1414 2698 signa

230 2721 399 2788 simillima
421 2720 630 2801 exstiterunt,
659 2717 727 2783 alia
749 2721 860 2782 autem
882 2716 982 2783 valde
1003 2715 1091 2782 inter
1113 2736 1148 2783 se
1171 2717 1413 2799 discrepabant,

231 2823 266 2888 id
281 2826 367 2904 quod
382 2822 495 2887 Cicero
510 2821 604 2886 nobis
626 2818 809 2903 testatur.⁴)
838 2818 937 2900 Apud
951 2818 1122 2902 Romanos
1145 2824 1183 2886 ut
1197 2820 1258 2886 hoo
1273 2819 1414 2902 exempli

232 2924 342 3008 gratia
356 2926 524 3006 addamus,
540 2924 584 2988 ad
598 2922 743 2988 militare
757 2921 930 3003 imperium
943 2921 1078 3003 eiusque
1095 2922 1168 2990 fata
1181 2942 1261 3005 prae
1277 2923 1413 3004 reliquis

232 3027 340 3094 omina
370 3025 560 3110 spectamur)
604 3025 691 3091 Dum
721 3024 805 3090 talia
835 3025 938 3106 igitur
970 3025 1117 3108 respicit,
1151 3045 1346 3110 cognoscere
1380 3031 1415 3094 et

232 3128 448 3211 interpretari
470 3127 578 3209 potuit
601 3132 680 3193 exta
701 3128 843 3210 populus
866 3129 1071 3195 anatomicae
1098 3129 1182 3195 artis
1205 3129 1260 3198 vel
1282 3129 1413 3212 imperi·

232 3232 389 3300 tissimus
433 3231 546 3312 Neque
569 3230 692 3297 iniuria
715 3232 918 3298 censebimus
941 3231 1061 3314 priscis
1076 3232 1278 3314 temporibus
1300 3251 1413 3298 unum·

232 3354 391 3418 quemque
413 3334 619 3418 popularium
648 3335 709 3401 hoc
738 3337 832 3401 modo
854 3334 1000 3416 potuisse
1027 3339 1105 3399 exta
1128 3333 1194 3415 ipsi
1216 3332 1281 3398 sibi
1310 3333 1412 3399 inter-

231 3439 357 3519 pretari
366 3439 401 3522 ⁴);
412 3437 628 3504 recentiorem
640 3442 751 3503 autem
763 3429 1008 3517 interpretandi
1018 3435 1181 3500 rationem
1194 3434 1413 3517 artificiosam,

232 3560 328 3621 quam
358 3559 460 3622 supra
479 3561 509 3622 p.
533 3541 575 3605 46
598 3538 867 3606 adumbravimus
896 3537 985 3602 haud
1003 3535 1096 3618 prius
1119 3535 1293 3618 exstitisse,
1317 3555 1413 3618 quam

233 3647 325 3709 certa
356 3642 494 3726 collegia
523 3643 584 3708 hoc
613 3639 820 3722 susceperint
842 3657 966 3704 munus.
1011 3639 1134 3704 Postea
1160 3637 1247 3704 enim
1268 3658 1332 3704 non
1354 3658 1413 3722 per

233 3744 452 3828 sympathiam
482 3749 613 3810 tautum
643 3743 909 3825 explorabantur
930 3745 1014 3825 exta,
1044 3744 1101 3807 sed
1131 3741 1233 3808 multo
1257 3741 1413 3809 subtilius

232 3851 268 3914 et
293 3845 506 3913 artificiosius
535 3847 799 3913 observabantur
821 3845 876 3912 vel
898 3863 935 3910 eo
965 3842 1110 3927 consilio,
1143 3849 1181 3910 ut
1204 3844 1412 3929 collegiorum

320 4031 339 4097 ¹)
358 4031 398 4086 of.
417 4033 537 4099 quaeh.
555 4032 574 4088 l
598 4037 743 4087 occurrunt
768 4031 849 4100 signa
880 4031 945 4101 ch
968 4030 1037 4100 alia,
1062 4047 1132 4099 quae
1155 4031 1237 4086 certis
1260 4031 1413 4088 nominibus

233 4133 393 4187 graecorum
409 4119 483 4173 haud
502 4117 679 4172 dissimilibus
697 4123 763 4172 sunt
780 4117 915 4186 praedita,
933 4116 1028 4172 uidex
1029 4113 1070 4167 ela
1071 4116 1128 4168 ved
1113 4135 1142 4170 or
1159 4133 1242 4185 supro
1258 4132 1284 4184 p
1303 4115 1343 4171 10.

318 4203 398 4274 ⁴)Da
416 4203 471 4259 div.
491 4203 585 4270 1128;
603 4218 728 4272 suprap.
745 4203 788 4257 32.

318 4289 419 4359 ³)Liv.
437 4288 558 4358 XXXI),
576 4288 714 4357 XL1130,
733 4288 871 4356 XLV115
889 4288 1032 4357 Festuap.
1051 4240 1186 4342 lorii

318 4374 399 4444 ⁴)Gi.
418 4375 452 4431 K.
470 4374 522 4430 rr.
540 4374 716 4430 Hermann
733 4373 832 4428 Lebrb.
850 4372 899 4427 der
914 4377 980 4444 pott
998 4373 1096 4427 Altcrt.
1116 4371 1164 4427 dor
1184 4371 1235 4427 Gr
1253 4371 1328 4439 539.

1411 4205 1480 4272 ’Ἃ
