3508 5068
659 1588 872 1686 CAPUT
904 1587 1223 1685 ALTERUM

436 1841 615 1922 Postquam
637 1841 672 1908 in
695 1843 804 1925 capite
827 1842 931 1925 primo
953 1847 1102 1910 veterum
1125 1841 1322 1925 testimonia,
1345 1847 1532 1923 quaesunt

350 1945 391 2008 de
413 1943 592 2027 extispicio,
615 1945 834 2027 congessimus
857 1950 891 2011 et
910 1945 1048 2011 Deeckii
1066 1946 1265 2011 sententiam
1286 1946 1375 2010 inter
1397 1962 1433 2010 se
1454 1963 1528 2011 con-

350 2044 494 2126 spirasse
514 2045 709 2112 Graecorum
733 2051 767 2112 et
781 2049 995 2113 Etruscorum
1011 2047 1219 2129 extispicium
1235 2051 1269 2113 et
1291 2054 1463 2128 utrumque
1486 2066 1527 2113 ex

348 2147 503 2213 orientali
523 2147 590 2213 ritu
613 2148 747 2215 fluxisse
769 2149 888 2215 falsam
912 2168 983 2216 esse
1006 2149 1215 2233 ostendimus
1237 2168 1324 2216 nunc
1354 2149 1388 2215 in
1419 2149 1528 2231 capite

257 2292 261 2301 ι
349 2251 462 2332 altero,
485 2249 563 2330 quid
585 2255 716 2317 veteres
737 2250 801 2332 ipsi
825 2254 864 2318 de
887 2251 1061 2334 extispicio
1083 2251 1281 2336 censuerint,
1315 2253 1527 2318 illustremus

230 2383 233 2388 ·
350 2352 439 2418 Satis
461 2357 574 2418 notum
601 2356 653 2419 est
677 2353 834 2434 antiquae
860 2355 983 2420 aetatis
1013 2355 1159 2421 homines
1181 2354 1298 2439 omnia,
1324 2373 1408 2435 qnae
1430 2354 1528 2420 facti-

350 2458 471 2538 tarent,
505 2458 564 2520 deo
601 2459 661 2520 aut
694 2455 816 2522 homini
849 2456 976 2522 cuidam
1011 2457 1203 2540 ascripsisse
1243 2457 1420 2525 inventori.
1474 2458 1530 2523 Ita

351 2557 472 2625 Graeci
486 2558 658 2641 Delphum,
674 2558 836 2641 Apollinis
851 2559 963 2643 lilium,
985 2559 1219 2642 haruspicinae
1234 2561 1402 2626 habebant
1418 2564 1527 2627 aucto·

350 2680 426 2727 rem.
471 2661 554 2726 Nam
570 2660 634 2727 etsi
648 2661 738 2727 haud
753 2667 831 2728 ante
845 2662 990 2728 Plinium
1003 2663 1096 2728 nobis
1116 2662 1258 2727 occurrit
1273 2662 1371 2728 huius
1393 2662 1443 2726 rei
1472 2680 1531 2727 no·

350 2763 438 2846 titia,
468 2769 579 2829 tamen
601 2763 657 2829 ille
679 2765 792 2845 procul
815 2765 914 2832 dnbio
938 2765 1009 2831 eius
1033 2783 1169 2847 gravem
1192 2768 1342 2830 veterum
1365 2765 1527 2845 quendam

350 2865 468 2933 habuit
491 2864 694 2951 auctoreml)
737 2866 873 2932 Etrusci
901 2885 980 2933 reno
1007 2867 1167 2949 Tagetem
1197 2886 1217 2932 a
1240 2867 1428 2934 Tarchonte
1450 2886 1527 2949 quo-

351 2971 425 3035 dam
457 2988 475 3034 e
504 2967 603 3034 sulcis
640 2975 813 3036 exaratum
842 2969 1038 3051 disciplinae
1071 2972 1284 3037 celebrabant
1314 2969 1532 3052 inventorem,

351 3070 407 3151 qui
430 3070 578 3151 quamvis
600 3071 720 3153 puerili
742 3091 875 3155 corpore
904 3072 1074 3154 praeditus
1104 3092 1261 3139 summam
1284 3061 1535 3140 Lucumonibus*

350 3172 490 3239 tradidit
504 3172 739 3259 sapientiam.²)
762 3175 958 3258 Herodotus,
981 3175 1037 3257 qui
1055 3175 1179 3256 primns
1196 3178 1359 3241 admones
1378 3173 1527 3256 gentium

351 3273 554 3343 diversarum
576 3276 716 3343 intense
738 3275 862 3342 similes
885 3276 1028 3343 animum
1043 3275 1155 3358 vertit,
1178 3274 1312 3355 scripsit
1333 3277 1430 3340 haec:
1452 3271 1471 3355 ἡ
1494 3271 1529 3336 δὲ

349 3378 482 3464 pompis]
502 3376 556 3464 ἥτε
578 3376 612 3441 ἐν
635 3379 753 3464 Θήβῃσι
774 3389 845 3463 τῇσι
858 3377 1057 3462 Αἰγυπτίῃσι
1070 3377 1125 3440 καὶ
1146 3373 1334 3459 ἒνΔωὸώνῃ
1358 3374 1529 3460 παραπλή-

438 3549 457 3617 1)
476 3547 508 3602 N.
526 3548 560 3602 H.
578 3549 709 3618 V11203;
728 3549 761 3604 ci.
779 3550 814 3605 ll.
832 3550 1020 3618 Kremmer,
1039 3549 1081 3602 De
1098 3547 1231 3616 catalogis
1248 3546 1445 3617 heuremetum,
1462 3546 1528 3602 dise.

349 3632 424 3700 Lips.
446 3632 512 3686 1890
534 3649 560 3701 p.
578 3633 690 3700 eoseqq.
709 3633 807 3688 Mirum
831 3640 880 3703 est,
905 3635 976 3702 qnod
990 3633 1097 3688 Plinius
1120 3633 1171 3686 hoc
1193 3632 1250 3687 loco
1275 3631 1412 3700 extispicii
1435 3632 1528 3688 avium

349 3717 519 3772 inventorem
548 3717 682 3772 Tiresiam
708 3718 867 3773 Thebanum
894 3719 973 3786 dicit,
1008 3734 1068 3773 cnm
1103 3717 1200 3772 Graeci
1237 3723 1369 3785 quantum
1396 3718 1527 3787 videmus

350 3801 442 3856 avium
460 3806 524 3856 exta
541 3818 595 3858 non
606 3803 775 3871 inspexerint
787 3803 824 3872 (v.
836 3820 920 3873 snpra
937 3821 963 3873 p.
976 3803 1011 3858 30
1023 3805 1084 3858 adn.
1095 3803 1130 3872 3),
1149 3803 1196 3858 sed
1208 3803 1330 3858 barbarie
1346 3804 1395 3858 hoc
1413 3803 1528 3858 attribu·

349 3904 394 3943 ere
412 3888 519 3942 soleant
536 3887 641 3956 (Iambl.
658 3890 692 3944 V.
712 3888 794 3956 Pyth.
813 3889 854 3958 28,
874 3890 942 3958 147).
978 3891 1053 3958 Quae
1078 3906 1138 3944 cum
1162 3889 1203 3944 ite
1225 3890 1289 3958 sint,
1314 3890 1391 3943 nobis
1410 3889 1469 3945 veni
1486 3895 1529 3943 est

350 3973 516 4028 simillimum
528 3973 649 4028 Plinium
670 3975 695 4028 h.
708 3973 726 4027 l.
745 3974 812 4029 duos
828 3975 917 4029 tontes
935 3975 965 4030 in
982 3975 1067 4030 uuum
1086 3974 1290 4030 commiscuisse.
1325 3975 1411 4043 Legit
1428 3974 1458 4028 in
1474 3989 1530 4028 nno

348 4058 481 4114 Tiresiam
500 4063 565 4114 exte
581 4060 739 4129 inspexisse,
763 4076 878 4128 cumque
899 4061 1070 4116 notissimum
1096 4066 1169 4116 esset
1192 4061 1307 4116 eundern
1332 4060 1425 4114 avium
1448 4074 1529 4114 voces
1622 4129 1624 4134 Ι

348 4145 498 4213 percepisse
516 4160 662 4213 eorumque
680 4161 695 4201 e
713 4146 808 4200 volatu
825 4146 921 4201 futura
944 4147 1113 4216 praedixisse
1131 4146 1220 4216 (Soph.
1244 4146 1308 4202 Oed.
1333 4146 1366 4199 R.
1385 4144 1444 4210 310,
1462 4143 1526 4212 3953

349 4229 472 4299 Apollod.
496 4229 604 4299 11110;
628 4231 710 4285 Paus.
733 4231 775 4285 IX
793 4229 834 4301 16,
859 4230 884 4300 1)
909 4232 968 4300 ipse
991 4232 1069 4287 varie
1091 4231 1121 4286 in
1144 4247 1229 4287 unum
1255 4231 1409 4299 complexus
1434 4229 1529 4285 avium

349 4321 414 4370 exta
430 4315 580 4384 inspexisse
598 4315 732 4371 Tiresiam
749 4332 797 4386 pro
817 4322 890 4372 certo
908 4317 1035 4372 habuisse
1050 4317 1170 4372 videtur.

435 4400 457 4468 'l
475 4401 515 4455 cf.
534 4401 828 4472 Miller-Deecke‚
847 4402 985 4458 Eteocles
1002 4404 1054 4458 vol.
1073 4401 1123 4457 11²
1140 4418 1165 4470 p.
1184 4402 1218 4455 24
1230 4418 1303 4470 seqq.
