3508 5068
225 426 279 513 19]
619 423 663 479 De
680 423 823 493 extispicio
841 425 934 494 capita
951 424 1007 480 tria
1342 431 1404 495 189

222 611 275 666 625
309 599 466 666 emittunt
486 600 695 679 produntque
716 615 793 662 suas
814 601 946 662 omenta
967 597 1124 664 latebras.

309 701 510 785 Quodque
532 698 656 765 nefas
679 698 814 765 nullis
844 697 1014 781 impune
1044 701 1250 781 apparuit
1273 703 1404 787 extis,

309 823 422 887 ecce,
445 803 567 870 videt
588 800 727 883 capiti
750 800 961 867 fibrarum
990 801 1239 869 increscere
1261 804 1404 870 molem

307 905 496 972 alterius
512 903 685 986 capitis3
709 923 809 986 pars
828 923 958 986 aegra
977 905 1219 971 etmarcide
1233 909 1405 988 pendet,

309 1027 410 1091 pars
425 1006 551 1073 micat
567 1012 608 1073 et
627 1006 762 1072 celeri
777 1025 907 1074 venas
923 1011 1052 1072 movet
1075 1005 1404 1090 improbapulsu.

223 1121 276 1176 630
310 1111 374 1176 His
397 1110 454 1176 ubi
475 1108 626 1191 concepit
647 1127 840 1191 magnorum
862 1108 936 1175 fata
958 1109 1126 1191 malorum,

309 1213 486 1278 exclamat:
590 1213 705 1292 ‘neque
731 1209 818 1276 enim
841 1211 914 1292 tibi,
937 1230 1068 1293 summe,
1090 1210 1199 1296 litavi,

307 1314 465 1397 Iuppiter,
488 1315 548 1379 hoc
571 1332 698 1379 sacrum
722 1313 927 1396 caesique
949 1313 985 1379 in
1006 1319 1183 1397 pectora
1205 1315 1325 1381 tauri

309 1416 474 1483 inferni
496 1435 655 1484 venere
678 1415 763 1482 dei’.

308 1553 415 1620 Plin.
434 1554 472 1618 N.
493 1553 533 1618 H.
552 1553 695 1618 xmae:
724 1553 772 1618 Iu
802 1554 929 1618 corde
965 1571 1116 1619 summo
1143 1553 1405 1635 pinguitudo

223 1659 424 1738 quaedam
455 1659 522 1722 est
550 1655 687 1720 laetis
717 1653 842 1720 extis.
875 1672 954 1719 non
991 1673 1156 1737 semper
1184 1663 1322 1721 autem
1362 1657 1405 1721 in

222 1763 349 1842 parte
377 1762 570 1825 extorum
595 1757 788 1822 habitum
819 1759 892 1822 est.
931 1756 967 1821 L.
990 1756 1206 1823 Postumio
1228 1756 1265 1823 L.
1288 1755 1310 1823 f.
1333 1757 1404 1823 Al·

222 1861 320 1928 bino
342 1880 442 1944 rege
461 1877 673 1926 sacrorum
701 1864 800 1941 post
824 1858 966 1924 cxxvi
988 1857 1294 1943 Olympiadem,
1317 1879 1404 1926 eum

222 1981 298 2031 rex
331 1964 524 2046 Pyrrhus
554 1980 602 2027 ex
631 1961 768 2027 Italia
799 1960 1084 2044 decessisset,
1121 1979 1192 2027 cor
1221 1960 1262 2027 in
1293 1962 1406 2029 extis

223 2065 480 2148 haruspices
502 2064 706 2145 inspicere
728 2067 972 2145 coeperunt.

309 2201 669 2268 Plin.N.H.Xil95:
686 2198 1405 2268 Taurorumfelleaureusducitur

223 2303 347 2369 color.
377 2301 630 2384 haruspices
651 2301 693 2368 id
715 2303 912 2382 Neptuno
936 2306 978 2368 et
999 2302 1157 2369 umoris
1179 2302 1403 2384 potentiae

224 2405 443 2488 dicavere,
466 2405 760 2488 geminumque
783 2402 1207 2488 iuitdivoAugusto,
1237 2405 1404 2486 quodie

223 2510 334 2590 apud
356 2507 526 2574 Actium
548 2506 669 2573 vicit.

308 2644 416 2710 Plin.
437 2644 477 2709 N.
492 2643 533 2709 H.
552 2642 604 2707 XI
620 2643 682 2707 189
694 2661 777 2723 seq:
804 2641 934 2707 Iecur
956 2640 991 2705 iu
1014 2642 1153 2706 dextera
1175 2645 1271 2722 parte
1294 2647 1345 2707 est
1367 2642 1402 2707 iu

223 2766 269 2830 eo,
292 2747 378 2827 quod
401 2750 504 2826 capnt
525 2749 674 2810 extorum
704 2747 833 2824 vocant,
865 2761 1043 2826 magnae
1072 2743 1313 2810 varietatis
1336 2795 1342 2808 .
1365 2795 1372 2809 .
1395 2796 1403 2808 .

223 2853 355 2930 caput
377 2845 733 2914 extorumtristis
756 2844 923 2912 ostenti
946 2863 1111 2911 caesum
1135 2864 1298 2928 qnoque
1320 2850 1402 2929 est,

223 2954 454 3031 praeterquam
470 2948 504 3013 iu
521 2947 743 3014 sollicitudine
759 2966 798 3013 ac
813 2954 912 3014 metu.
934 2953 1014 3014 tuuc
1036 2947 1123 3014 enim
1141 2948 1282 3031 peremit
1298 2967 1403 3015 curas.

309 3086 416 3153 Pliu.
431 3085 469 3151 N.
481 3086 522 3150 H.
537 3085 589 3150 XI
606 3085 685 3151 204:
708 3085 909 3151 Adnectitur
928 3083 996 3151 lien
1011 3086 1044 3151 in
1068 3084 1206 3151 sinistra
1226 3090 1323 3168 parte
1345 3087 1402 3152 ad·

226 3207 340 3256 versus
362 3187 512 3270 iecori,
542 3206 628 3254 cum
651 3206 728 3269 quo
758 3188 892 3254 locum
916 3187 1149 3267 aliquando
1172 3192 1403 3271 permutat,

223 3293 295 3358 sed
316 3290 573 3373 prodigiose.

307 3427 414 3493 Plin.
436 3425 544 3509 Epist.
566 3426 602 3491 Π
624 3427 666 3491 20
687 3425 810 3508 Reguli
834 3426 1004 3492 cuiusdam
1034 3426 1160 3491 scelere
1190 3431 1316 3507 namet,
1345 3425 1402 3506 qui

223 3530 242 3616 ξ
264 3532 284 3595 4
307 3528 405 3595 dicit:
427 3526 715 3609 ‘Haruspicem
731 3527 905 3609 consulam,
928 3545 1023 3608 quem
1045 3545 1116 3592 sum
1137 3525 1328 3606 frequenter
1347 3544 1401 3592 ex·

222 3632 352 3712 pertus’.
397 3631 464 3696 Nec
486 3649 591 3711 mora;
613 3628 888 3695 sacrificium
910 3628 1001 3711 facit,
1031 3627 1186 3694 adfirmat
1208 3633 1308 3694 exta
1329 3646 1402 3695 cum

222 3733 365 3798 siderum
380 3731 622 3814 significatione
636 3749 817 3814 congruere
840 3782 892 3797 ...
917 3731 957 3797 13
979 3730 1099 3813 Aspice
1118 3731 1323 3815 Regulum
1345 3731 1402 3813 qui

299 3840 338 3900 ut
358 3834 430 3918 ipse
452 3835 533 3900 mihi
551 3834 675 3900 dixerit
772 3852 843 3900 cum
868 3834 1051 3900 consuleret
1075 3851 1172 3915 quam
1195 3833 1259 3900 cito
1281 3838 1402 3901 sester-

222 3938 306 4003 tium
325 3936 506 4004 sescenties
527 3937 721 4018 impleturus
744 3941 839 4019 esset,
861 3936 1088 4003 iuvenisse
1111 3954 1154 4003 se
1176 3940 1278 4003 exta
1300 3938 1402 4018 dup-

222 4039 350 4124 licia,
377 4037 531 4119 quibus
558 4038 763 4119 portendi
794 4039 937 4105 milies
967 4042 1009 4105 et
1030 4038 1258 4105 ducenties
1279 4036 1401 4103 hebi-

223 4146 369 4209 turum.

266 4278 337 4345 Sil.
359 4278 458 4344 Ital.
480 4220 562 4344 ιΡιιιι.
584 4277 602 4343 Ι
624 4278 687 4344 120
701 4295 806 4359 seqq:

308 4380 429 4446 Hostia
450 4383 617 4446 mactatur
639 4379 759 4445 dirae
783 4379 1033 4461 raptimque
1062 4377 1254 4533 reoludgt

1200 4481 1214 4533 1
