3508 5068
352 426 416 492 200
812 423 945 492 Georgius
962 423 1076 477 Blechcr
1478 426 1534 512 [30

354 598 547 661 καθεστῶσά
570 587 659 658 ἐστιν’
673 593 897 679 caueamur)
936 595 1046 675 Atque
1067 593 1171 660 eidem
1188 595 1374 661 Pausaniae
1389 597 1534 682 Thrasy·

351 701 448 766 bulus
470 699 610 780 qnidam,
633 697 689 778 qui
705 696 797 763 canis
813 703 892 762 exta
907 696 1065 779 inspexit,
1091 698 1172 762 adeo
1196 702 1310 762 contra
1333 698 1533 767 cotidianum

352 821 446 868 arsum
475 801 594 867 fecisse
625 800 717 867 visus
747 804 806 883 est,
841 804 878 865 nt
908 799 1118 865 concluderet
1148 798 1315 866 invenisse
1348 801 1438 866 illum
1472 803 1533 870 hoc

352 905 458 986 ipsum
483 903 651 984 extispicii
673 903 813 988 geneal)
844 901 931 984 Quin
954 901 1054 968 etiam
1078 921 1120 967 ne
1152 901 1263 968 avium
1293 902 1423 983 quidem
1454 910 1533 971 exta

352 1028 372 1073 a
394 1006 531 1074 Graecis
554 1009 589 1072 et
610 1005 767 1072 Romanis
789 1004 908 1086 inspici
939 1009 1035 1070 erant
1065 1003 1199 1089 solitar)
1244 1003 1366 1071 Contra
1390 1007 1533 1074 Asiatici

352 1108 465 1190 populi
487 1109 601 1175 multis
623 1108 699 1173 aliis
721 1113 896 1189 praeterea
918 1109 962 1172 ad
985 1106 1194 1188 extispicium
1209 1107 1443 1188 perficiendum
1459 1115 1530 1176 ute-

352 1215 475 1277 bantur
495 1211 621 1277 hostiis.
666 1209 802 1293 Cyprios
833 1209 947 1276 suibus
978 1228 1105 1290 quoqne
1133 1210 1196 1275 hac
1225 1210 1259 1274 in
1289 1229 1327 1275 re
1355 1230 1430 1277 usos
1461 1231 1533 1279 essa

352 1314 538 1379 Pausanias
559 1315 579 1378 l.
602 1315 621 1378 l.
645 1318 805 1394 testatnr3
828 1333 866 1379 ac
889 1313 1005 1378 'l'acito
1029 1313 1152 1396 teste⁴)
1182 1312 1360 1394 intemplo
1383 1315 1532 1396 Paphiae

352 1417 493 1483 Veneris
521 1416 658 1499 hostiae,
688 1435 770 1497 quas
793 1415 929 1497 quisque
960 1414 1061 1497 vovit,
1091 1416 1134 1480 ad
1164 1415 1371 1497 extispicium
1401 1417 1532 1484 adhihe-

352 1520 482 1584 bantnr.
540 1518 601 1583 Sed
637 1539 738 1582 mores
774 1518 1009 1599 delipcbactcr:
1045 1519 1215 1580 commarca
1249 1517 1326 1598 fidas
1361 1518 1530 1584 haedorum

350 1621 446 1702 [thro.
491 1621 659 1688 Iuvenalis
688 1626 786 1704 poeta
808 1621 961 1706 narrat⁶l
991 1619 1181 1685 Armenium
1205 1621 1259 1686 vel
1282 1621 1532 1704 Commagenum

351 1725 559 1806 haruspicem
574 1727 758 1805 pulmonem
774 1725 941 1791 columbae
956 1727 1119 1789 tractasse
1134 1723 1362 1804 pullorumqne
1377 1724 1531 1791 rimatum

303 1893 305 1902 ,
353 1846 424 1894 esse
443 1833 589 1909 ,pectora
620 1833 655 1894 et
684 1832 762 1893 exta
792 1826 913 1893 catelli.
965 1826 1078 1906 Neque
1115 1825 1320 1892 censebimus
1358 1827 1429 1892 sine
1464 1828 1532 1894 nlla

352 1949 461 1997 causa.
488 1932 625 1996 eundem
666 1929 790 1995 dixisse
830 1949 983 1992 ranorum
1016 1930 1131 1992 ascero
1163 1948 1334 2009 numquam
1368 1931 1532 2012 saspach

352 2033 464 2098 Cicero
498 2032 665 2097 insolitam
696 2031 879 2113 opinionem
912 2036 1030 2097 narrat
1070 2049 1157 2113 esso,
1199 2050 1285 2111 qnae
1318 2032 1531 2114 argutissima

352 2133 537 2216 gallinacea
577 2138 654 2198 exta
692 2133 864 2218 putaret.²)
927 2133 999 2197 Non
1041 2131 1140 2198 facile
1180 2152 1326 2200 erremus
1370 2134 1528 2200 arbitrati

351 2238 434 2301 haec
470 2236 575 2301 verba
619 2240 769 2317 spectare
806 2238 848 2300 ad
890 2235 1099 2316 extispicium
1144 2237 1304 2315 quoddam
1357 2242 1529 2303 externum

351 2338 475 2404 Bonum
504 2343 574 2403 tum
603 2339 674 2403 fere
699 2342 875 2419 receptum.
934 2337 1106 2418 Complura
1141 2344 1435 2407 commemorantur
1463 2341 1531 2405 alia

352 2440 517 2523 extispicii
554 2459 677 2522 genera
707 2440 742 2506 in
763 2440 963 2506 testimoniis
993 2439 1188 2521 quibusdam
1227 2441 1390 2526 Syriacis,
1420 2443 1450 2508 si
1477 2444 1531 2509 Fr.
1601 2459 1603 2464 ·

352 2544 654 2609 Lenormantii
676 2544 969 2624 interpretamento
993 2543 1073 2609 fides
1095 2544 1298 2628 habeatnr,⁸)
1321 2545 1379 2625 qni
1399 2551 1533 2626 praeter

352 2653 462 2714 cetera
497 2647 655 2713 animalia
689 2649 732 2712 ad
765 2645 975 2728 extispicium
1011 2646 1163 2712 adhibita
1193 2651 1365 2712 enumerat
1402 2647 1531 2728 vulpem

351 2769 468 2832 equum
491 2750 619 2816 asinum
641 2751 767 2815 leonem
789 2768 901 2815 ursum
923 2751 1045 2831 piscem
1070 2769 1218 2832 anguem.
1263 2748 1347 2814 Num
1371 2753 1423 2814 est
1445 2749 1531 2815 veri-

352 2853 456 2918 simile
480 2852 623 2918 Graecos
646 2858 681 2916 et
702 2852 860 2918 Etruscos
883 2851 1092 2933 extispicium
1123 2852 1187 2917 sibi
1220 2850 1349 2917 omnino
1379 2850 1531 2932 alienum,

350 2959 390 3020 ut
412 2954 628 3019 Deeckius
650 2953 764 3036 voluit,
788 2956 830 3019 ab
853 2954 930 3019 aliis
953 2954 1109 3036 gentibus
1130 2960 1298 3022 mutuatos
1324 2957 1366 3020 ad
1389 2973 1474 3039 suas,
1495 2960 1532 3020 ut

350 3057 401 3121 ita
417 3056 572 3137 dicamus,
593 3056 718 3122 hostias
740 3056 953 3121 transtulisse
976 3061 1010 3122 et
1025 3058 1134 3122 adeas
1150 3057 1386 3123 restrinxisse?
1418 3058 1532 3122 Nonne

352 3158 381 3224 si
393 3161 454 3224 hoc
465 3157 514 3223 ita
526 3176 561 3222 se
576 3157 724 3238 haberet,
740 3157 854 3223 iisdem
868 3158 960 3223 usuri
974 3158 1116 3223 fuissent
1130 3158 1248 3224 hostiis
1265 3161 1308 3224 ad
1324 3158 1532 3238 extispicium

351 3262 537 3329 faciendum
567 3264 667 3340 atque
696 3259 722 3325 ii
754 3259 876 3341 populi,
909 3278 930 3324 a
959 3259 1078 3340 quihus
1108 3278 1126 3324 e
1156 3259 1338 3324 Deeckii
1365 3260 1533 3325 sententia

351 3365 441 3431 illam
464 3368 634 3429 externam
657 3367 760 3428 artem
783 3360 1012 3442 recepissent?
1056 3360 1140 3426 Nam
1170 3360 1407 3442 posterioribus
1431 3360 1531 3428 etiam

349 3466 568 3549 temporibus,
607 3464 664 3546 qui
697 3464 826 3530 externi
858 3468 955 3530 erant
992 3465 1114 3546 cultus,
1150 3462 1218 3528 ritu
1253 3462 1351 3544 plane
1385 3481 1443 3529 suo
1478 3464 1532 3545 agi

350 3570 510 3636 solebant.

436 3689 564 3754 Novum
595 3692 770 3768 praeterea
800 3694 916 3753 contra
946 3685 1124 3752 Deeckii
1155 3685 1352 3751 sententiam
1392 3685 1439 3751 eis
1477 3684 1532 3766 qni

351 3808 438 3855 nunc
468 3794 546 3854 sunt
574 3787 758 3855 hominibus
787 3791 951 3870 praebent
973 3793 1201 3871 argumentum
1231 3787 1377 3879 iocinora
1400 3805 1441 3852 ex
1470 3805 1532 3853 usu

439 4061 460 4130 ¹)
478 4062 518 4116 VI
536 4061 560 4128 2,
581 4061 606 4114 5.
711 4059 732 4127 ⁹)
751 4058 793 4113 VI
810 4059 835 4128 2,
857 4059 881 4114 4.

437 4145 459 4216 ⁸)
477 4147 520 4201 Oi.
554 4147 586 4200 P.
611 4145 771 4214 Stengel,
807 4143 864 4198 Die
885 4143 986 4214 praesb.
1014 4143 1225 4198 uerrucarum!
1254 4161 1279 4212 p.
1304 4143 1338 4197 56
1369 4142 1459 4197 adnot.
1486 4142 1532 4209 10,

349 4234 380 4288 G.
399 4233 584 4300 Wissowa,
602 4229 732 4300 Belipioa
748 4229 807 4283 arad
823 4229 930 4284 Kolias
948 4227 996 4283 der
1013 4228 1116 4283 Rdmcr
1141 4246 1167 4298 p.
1185 4229 1236 4284 adu
1250 4245 1339 4298 seqq.;
1365 4227 1439 4282 inira
1455 4244 1482 4296 p.
1500 4225 1534 4279 34

350 4318 485 4394 adnotgl.
590 4316 613 4386 4)
632 4315 703 4370 Hist.
721 4315 793 4369 113.
897 4313 919 4384 ⁸)
938 4314 994 4369 Sat.
1012 4315 1053 4369 VI
1070 4315 1122 4368 548
1133 4331 1208 4383 seqq.
1316 4313 1337 4382 ⁶)
1355 4312 1412 4366 Sat.
1430 4310 1533 4366 11143.

438 4399 459 4488 ⁷}
477 4403 518 4456 De
536 4401 591 4456 div.
609 4400 697 4456 1129.
797 4400 819 4469 ⁸)
836 4399 891 4454 Les
909 4399 1025 4454 saonece
1043 4399 1157 4454 occultes
1175 4415 1207 4453 eu
1225 4398 1291 4453 Asia
1309 4415 1334 4466 p.
1353 4397 1470 4464 hbseqq.
