<?xml version="1.0" encoding="UTF-8"?>
<!DOCTYPE html PUBLIC "-//W3C//DTD XHTML 1.0 Transitional//EN"
    "http://www.w3.org/TR/xhtml1/DTD/xhtml1-transitional.dtd">
<html xmlns="http://www.w3.org/1999/xhtml" xml:lang="en" lang="en">
 <head>
  <title>
</title>
<meta http-equiv="Content-Type" content="text/html;charset=utf-8" />
  <meta name='ocr-system' content='tesseract 3.04.00' />
  <meta name='ocr-capabilities' content='ocr_page ocr_carea ocr_par ocr_line ocrx_word'/>
</head>
<body>
  <div class='ocr_page' id='page_1' title='image "./deextispiciocap00bezogoog_0072.png"; bbox 0 0 3506 5226; ppageno 0'>
   <div class='ocr_carea' id='block_1_1' title="bbox 224 375 1403 464">
    <p class='ocr_par' dir='ltr' id='par_1_1' title="bbox 224 375 1403 464">
     <span class='ocr_line' id='line_1_1' title="bbox 224 375 1403 464; baseline -0.012 -27"><span class='ocrx_word' id='word_1_1' title='bbox 224 375 278 464; x_wconf 83' lang='lat'>65]</span> <span class='ocrx_word' id='word_1_2' title='bbox 624 377 665 430; x_wconf 89' lang='lat' dir='ltr'>De</span> <span class='ocrx_word' id='word_1_3' title='bbox 683 375 823 444; x_wconf 84' lang='lat' dir='ltr'>extispicio</span> <span class='ocrx_word' id='word_1_4' title='bbox 841 376 932 445; x_wconf 84' lang='lat' dir='ltr'>capita</span> <span class='ocrx_word' id='word_1_5' title='bbox 949 377 1004 431; x_wconf 89' lang='lat' dir='ltr'>tria</span> <span class='ocrx_word' id='word_1_6' title='bbox 1340 379 1403 446; x_wconf 78' lang='lat'>235</span> 
     </span>
    </p>
   </div>
   <div class='ocr_carea' id='block_1_2' title="bbox 206 546 1405 2268">
    <p class='ocr_par' dir='ltr' id='par_1_2' title="bbox 206 546 1405 2268">
     <span class='ocr_line' id='line_1_2' title="bbox 224 546 1401 632; baseline 0 -17"><span class='ocrx_word' id='word_1_7' title='bbox 224 548 298 632; x_wconf 83' lang='lat' dir='ltr'>Qua</span> <span class='ocrx_word' id='word_1_8' title='bbox 320 550 361 614; x_wconf 90' lang='lat' dir='ltr'>de</span> <span class='ocrx_word' id='word_1_9' title='bbox 388 565 490 614; x_wconf 88' lang='lat' dir='ltr'>causa</span> <span class='ocrx_word' id='word_1_10' title='bbox 518 546 654 614; x_wconf 88' lang='lat' dir='ltr'>adeius</span> <span class='ocrx_word' id='word_1_11' title='bbox 684 547 868 614; x_wconf 78' lang='lat' dir='ltr'>doctrinam</span> <span class='ocrx_word' id='word_1_12' title='bbox 898 549 938 612; x_wconf 94' lang='lat' dir='ltr'>de</span> <span class='ocrx_word' id='word_1_13' title='bbox 967 549 1213 629; x_wconf 68' lang='lat' dir='ltr'>temperamento</span> <span class='ocrx_word' id='word_1_14' title='bbox 1240 549 1401 630; x_wconf 80' lang='lat' dir='ltr'><strong>prolatam</strong></span> 
     </span>
     <span class='ocr_line' id='line_1_3' title="bbox 223 649 1403 734; baseline 0.001 -17"><span class='ocrx_word' id='word_1_15' title='bbox 223 669 381 718; x_wconf 88' lang='lat' dir='ltr'>revocare</span> <span class='ocrx_word' id='word_1_16' title='bbox 403 669 469 717; x_wconf 93' lang='lat' dir='ltr'>non</span> <span class='ocrx_word' id='word_1_17' title='bbox 500 649 580 716; x_wconf 92' lang='lat' dir='ltr'>licet</span> <span class='ocrx_word' id='word_1_18' title='bbox 603 649 771 732; x_wconf 86' lang='lat' dir='ltr'>extispicii</span> <span class='ocrx_word' id='word_1_19' title='bbox 792 649 960 734; x_wconf 81' lang='lat' dir='ltr'>originem.</span> <span class='ocrx_word' id='word_1_20' title='bbox 1003 651 1105 716; x_wconf 89' lang='lat' dir='ltr'>Immo</span> <span class='ocrx_word' id='word_1_21' title='bbox 1135 653 1329 719; x_wconf 90' lang='lat' dir='ltr'>censendum</span> <span class='ocrx_word' id='word_1_22' title='bbox 1352 658 1403 720; x_wconf 88' lang='lat' dir='ltr'>est</span> 
     </span>
     <span class='ocr_line' id='line_1_4' title="bbox 223 752 1405 834; baseline 0.003 -16"><span class='ocrx_word' id='word_1_23' title='bbox 223 753 316 819; x_wconf 88' lang='lat' dir='ltr'>illam</span> <span class='ocrx_word' id='word_1_24' title='bbox 334 753 528 834; x_wconf 90' lang='lat' dir='ltr'>doctrinam,</span> <span class='ocrx_word' id='word_1_25' title='bbox 558 757 718 834; x_wconf 88' lang='lat' dir='ltr'>qnantum</span> <span class='ocrx_word' id='word_1_26' title='bbox 740 757 872 834; x_wconf 81' lang='lat' dir='ltr'>spectat</span> <span class='ocrx_word' id='word_1_27' title='bbox 894 755 936 818; x_wconf 89' lang='lat' dir='ltr'>ad</span> <span class='ocrx_word' id='word_1_28' title='bbox 959 752 1104 834; x_wconf 88' lang='lat' dir='ltr'>homines</span> <span class='ocrx_word' id='word_1_29' title='bbox 1127 772 1301 834; x_wconf 87' lang='lat' dir='ltr'>eorumque</span> <span class='ocrx_word' id='word_1_30' title='bbox 1330 755 1405 822; x_wconf 86' lang='lat' dir='ltr'>fata</span> 
     </span>
     <span class='ocr_line' id='line_1_5' title="bbox 224 853 1403 941; baseline 0.003 -20"><span class='ocrx_word' id='word_1_31' title='bbox 224 875 266 922; x_wconf 83' lang='lat' dir='ltr'>ex</span> <span class='ocrx_word' id='word_1_32' title='bbox 295 856 542 941; x_wconf 75' lang='lat' dir='ltr'><strong><em>temperamentis</em></strong></span> <span class='ocrx_word' id='word_1_33' title='bbox 570 855 751 937; x_wconf 77' lang='lat' dir='ltr'>pendentia</span> <span class='ocrx_word' id='word_1_34' title='bbox 786 853 967 936; x_wconf 85' lang='lat' dir='ltr'>profectam</span> <span class='ocrx_word' id='word_1_35' title='bbox 997 873 1070 922; x_wconf 88' lang='lat' dir='ltr'>esse</span> <span class='ocrx_word' id='word_1_36' title='bbox 1100 858 1332 936; x_wconf 89' lang='lat' dir='ltr'>quodammodo</span> <span class='ocrx_word' id='word_1_37' title='bbox 1361 859 1403 924; x_wconf 87' lang='lat' dir='ltr'>ab</span> 
     </span>
     <span class='ocr_line' id='line_1_6' title="bbox 224 956 1403 1040; baseline 0 -16"><span class='ocrx_word' id='word_1_38' title='bbox 224 958 399 1040; x_wconf 86' lang='lat' dir='ltr'>extispicio</span> <span class='ocrx_word' id='word_1_39' title='bbox 435 956 537 1039; x_wconf 84' lang='lat' dir='ltr'>vulgi.</span> <span class='ocrx_word' id='word_1_40' title='bbox 598 958 683 1023; x_wconf 90' lang='lat' dir='ltr'>Nam</span> <span class='ocrx_word' id='word_1_41' title='bbox 719 975 799 1022; x_wconf 88' lang='lat' dir='ltr'>sano</span> <span class='ocrx_word' id='word_1_42' title='bbox 836 957 1057 1039; x_wconf 89' lang='lat' dir='ltr'>Xenophanes</span> <span class='ocrx_word' id='word_1_43' title='bbox 1092 957 1150 1023; x_wconf 92' lang='lat' dir='ltr'>ille</span> <span class='ocrx_word' id='word_1_44' title='bbox 1187 958 1403 1040; x_wconf 81' lang='lat' dir='ltr'>Colophonius</span> 
     </span>
     <span class='ocr_line' id='line_1_7' title="bbox 224 1059 1403 1143; baseline 0.001 -16"><span class='ocrx_word' id='word_1_45' title='bbox 224 1061 360 1142; x_wconf 87' lang='lat' dir='ltr'>eiusque</span> <span class='ocrx_word' id='word_1_46' title='bbox 383 1061 539 1142; x_wconf 85' lang='lat' dir='ltr'>aequales</span> <span class='ocrx_word' id='word_1_47' title='bbox 561 1059 625 1126; x_wconf 88' lang='lat' dir='ltr'>etsi</span> <span class='ocrx_word' id='word_1_48' title='bbox 647 1059 682 1125; x_wconf 94' lang='lat' dir='ltr'>in</span> <span class='ocrx_word' id='word_1_49' title='bbox 705 1059 813 1126; x_wconf 88' lang='lat' dir='ltr'>auimo</span> <span class='ocrx_word' id='word_1_50' title='bbox 834 1060 1003 1126; x_wconf 83' lang='lat' dir='ltr'>habebant</span> <span class='ocrx_word' id='word_1_51' title='bbox 1024 1060 1290 1142; x_wconf 81' lang='lat' dir='ltr'>superstitionem</span> <span class='ocrx_word' id='word_1_52' title='bbox 1312 1081 1403 1143; x_wconf 91' lang='lat' dir='ltr'>sper·</span> 
     </span>
     <span class='ocr_line' id='line_1_8' title="bbox 223 1162 1403 1247; baseline 0.003 -20"><span class='ocrx_word' id='word_1_53' title='bbox 223 1182 302 1229; x_wconf 89' lang='lat' dir='ltr'>nere</span> <span class='ocrx_word' id='word_1_54' title='bbox 325 1163 524 1247; x_wconf 86' lang='lat' dir='ltr'>popularem,</span> <span class='ocrx_word' id='word_1_55' title='bbox 554 1181 618 1228; x_wconf 93' lang='lat' dir='ltr'>non</span> <span class='ocrx_word' id='word_1_56' title='bbox 651 1162 748 1242; x_wconf 87' lang='lat' dir='ltr'>plane</span> <span class='ocrx_word' id='word_1_57' title='bbox 779 1162 938 1245; x_wconf 79' lang='lat' dir='ltr'>vulgatae</span> <span class='ocrx_word' id='word_1_58' title='bbox 967 1162 1136 1244; x_wconf 84' lang='lat' dir='ltr'>religionis</span> <span class='ocrx_word' id='word_1_59' title='bbox 1170 1163 1403 1230; x_wconf 88' lang='lat' dir='ltr'>auctoritatem</span> 
     </span>
     <span class='ocr_line' id='line_1_9' title="bbox 206 1253 1403 1349; baseline 0.002 -18"><span class='ocrx_word' id='word_1_60' title='bbox 206 1253 436 1349; x_wconf 80' lang='lat' dir='ltr'>effugiebant,</span> <span class='ocrx_word' id='word_1_61' title='bbox 466 1283 550 1346; x_wconf 82' lang='lat' dir='ltr'>quae</span> <span class='ocrx_word' id='word_1_62' title='bbox 579 1264 719 1330; x_wconf 88' lang='lat' dir='ltr'>hominis</span> <span class='ocrx_word' id='word_1_63' title='bbox 747 1263 854 1330; x_wconf 85' lang='lat' dir='ltr'>fatum</span> <span class='ocrx_word' id='word_1_64' title='bbox 884 1265 920 1330; x_wconf 92' lang='lat' dir='ltr'>in</span> <span class='ocrx_word' id='word_1_65' title='bbox 950 1265 1037 1331; x_wconf 78' lang='lat' dir='ltr'>cutte</span> <span class='ocrx_word' id='word_1_66' title='bbox 1067 1282 1262 1348; x_wconf 78' lang='lat' dir='ltr'>cognoscere</span> <span class='ocrx_word' id='word_1_67' title='bbox 1292 1285 1403 1333; x_wconf 85' lang='lat' dir='ltr'>assue-</span> 
     </span>
     <span class='ocr_line' id='line_1_10' title="bbox 224 1366 1403 1452; baseline 0 -18"><span class='ocrx_word' id='word_1_68' title='bbox 224 1373 329 1434; x_wconf 85' lang='lat' dir='ltr'>verat.</span> <span class='ocrx_word' id='word_1_69' title='bbox 372 1366 460 1451; x_wconf 83' lang='lat' dir='ltr'>Quin</span> <span class='ocrx_word' id='word_1_70' title='bbox 476 1367 578 1434; x_wconf 89' lang='lat' dir='ltr'>etiam</span> <span class='ocrx_word' id='word_1_71' title='bbox 592 1367 802 1434; x_wconf 90' lang='lat' dir='ltr'>Democritus</span> <span class='ocrx_word' id='word_1_72' title='bbox 817 1369 858 1433; x_wconf 89' lang='lat' dir='ltr'>de</span> <span class='ocrx_word' id='word_1_73' title='bbox 878 1368 942 1433; x_wconf 87' lang='lat' dir='ltr'>hac</span> <span class='ocrx_word' id='word_1_74' title='bbox 963 1386 1000 1433; x_wconf 92' lang='lat' dir='ltr'>re</span> <span class='ocrx_word' id='word_1_75' title='bbox 1014 1367 1099 1433; x_wconf 88' lang='lat' dir='ltr'>serio</span> <span class='ocrx_word' id='word_1_76' title='bbox 1115 1367 1272 1434; x_wconf 82' lang='lat' dir='ltr'>dtaseruit</span> <span class='ocrx_word' id='word_1_77' title='bbox 1294 1373 1403 1452; x_wconf 84' lang='lat' dir='ltr'>atque,</span> 
     </span>
     <span class='ocr_line' id='line_1_11' title="bbox 225 1470 1403 1553; baseline 0.002 -19"><span class='ocrx_word' id='word_1_78' title='bbox 225 1474 387 1552; x_wconf 85' lang='lat' dir='ltr'>utsupra</span> <span class='ocrx_word' id='word_1_79' title='bbox 408 1491 438 1552; x_wconf 91' lang='lat' dir='ltr'>p.</span> <span class='ocrx_word' id='word_1_80' title='bbox 461 1471 502 1536; x_wconf 78' lang='lat'>37</span> <span class='ocrx_word' id='word_1_81' title='bbox 527 1473 769 1536; x_wconf 83' lang='lat' dir='ltr'>demonstrasse</span> <span class='ocrx_word' id='word_1_82' title='bbox 792 1470 886 1535; x_wconf 91' lang='lat' dir='ltr'>nobis</span> <span class='ocrx_word' id='word_1_83' title='bbox 908 1470 1067 1553; x_wconf 84' lang='lat' dir='ltr'>videmur,</span> <span class='ocrx_word' id='word_1_84' title='bbox 1089 1488 1131 1536; x_wconf 90' lang='lat' dir='ltr'>ne</span> <span class='ocrx_word' id='word_1_85' title='bbox 1152 1470 1250 1537; x_wconf 88' lang='lat' dir='ltr'>Plato</span> <span class='ocrx_word' id='word_1_86' title='bbox 1273 1470 1403 1552; x_wconf 86' lang='lat' dir='ltr'>quidem</span> 
     </span>
     <span class='ocr_line' id='line_1_12' title="bbox 224 1572 1402 1655; baseline 0.001 -17"><span class='ocrx_word' id='word_1_87' title='bbox 224 1574 267 1639; x_wconf 91' lang='lat' dir='ltr'>ab</span> <span class='ocrx_word' id='word_1_88' title='bbox 290 1572 455 1655; x_wconf 79' lang='lat' dir='ltr'>extispicii</span> <span class='ocrx_word' id='word_1_89' title='bbox 477 1573 680 1640; x_wconf 78' lang='lat' dir='ltr'>auctorItate</span> <span class='ocrx_word' id='word_1_90' title='bbox 702 1572 832 1639; x_wconf 92' lang='lat' dir='ltr'>omnino</span> <span class='ocrx_word' id='word_1_91' title='bbox 855 1591 891 1638; x_wconf 86' lang='lat' dir='ltr'>se</span> <span class='ocrx_word' id='word_1_92' title='bbox 913 1573 1113 1639; x_wconf 90' lang='lat' dir='ltr'>removebat.</span> <span class='ocrx_word' id='word_1_93' title='bbox 1163 1573 1283 1653; x_wconf 88' lang='lat' dir='ltr'>Itaque</span> <span class='ocrx_word' id='word_1_94' title='bbox 1305 1573 1402 1639; x_wconf 82' lang='lat' dir='ltr'>Elea-</span> 
     </span>
     <span class='ocr_line' id='line_1_13' title="bbox 223 1673 1404 1757; baseline -0.002 -15"><span class='ocrx_word' id='word_1_95' title='bbox 223 1681 331 1742; x_wconf 85' lang='lat' dir='ltr'>tarum</span> <span class='ocrx_word' id='word_1_96' title='bbox 354 1693 483 1757; x_wconf 90' lang='lat' dir='ltr'>quoque</span> <span class='ocrx_word' id='word_1_97' title='bbox 505 1675 674 1741; x_wconf 90' lang='lat' dir='ltr'>sententia</span> <span class='ocrx_word' id='word_1_98' title='bbox 707 1674 736 1739; x_wconf 89' lang='lat' dir='ltr'>si</span> <span class='ocrx_word' id='word_1_99' title='bbox 759 1693 778 1740; x_wconf 90' lang='lat' dir='ltr'>e</span> <span class='ocrx_word' id='word_1_100' title='bbox 800 1676 1044 1754; x_wconf 72' lang='lat' dir='ltr'>temperamentis</span> <span class='ocrx_word' id='word_1_101' title='bbox 1064 1674 1229 1740; x_wconf 91' lang='lat' dir='ltr'>hominum</span> <span class='ocrx_word' id='word_1_102' title='bbox 1252 1673 1326 1740; x_wconf 84' lang='lat' dir='ltr'>fata</span> <span class='ocrx_word' id='word_1_103' title='bbox 1349 1693 1404 1740; x_wconf 87' lang='lat' dir='ltr'>ex-</span> 
     </span>
     <span class='ocr_line' id='line_1_14' title="bbox 222 1776 1404 1861; baseline -0.002 -17"><span class='ocrx_word' id='word_1_104' title='bbox 222 1777 409 1861; x_wconf 87' lang='lat' dir='ltr'>plicabant,</span> <span class='ocrx_word' id='word_1_105' title='bbox 442 1778 477 1843; x_wconf 93' lang='lat' dir='ltr'>in</span> <span class='ocrx_word' id='word_1_106' title='bbox 514 1777 595 1859; x_wconf 88' lang='lat' dir='ltr'>ipsis</span> <span class='ocrx_word' id='word_1_107' title='bbox 632 1776 717 1843; x_wconf 84' lang='lat' dir='ltr'>extis</span> <span class='ocrx_word' id='word_1_108' title='bbox 754 1779 987 1856; x_wconf 86' lang='lat' dir='ltr'>quodammodo</span> <span class='ocrx_word' id='word_1_109' title='bbox 1025 1795 1109 1858; x_wconf 87' lang='lat' dir='ltr'>quae</span> <span class='ocrx_word' id='word_1_110' title='bbox 1149 1776 1264 1843; x_wconf 84' lang='lat' dir='ltr'>futura</span> <span class='ocrx_word' id='word_1_111' title='bbox 1293 1781 1404 1843; x_wconf 88' lang='lat' dir='ltr'>essent</span> 
     </span>
     <span class='ocr_line' id='line_1_15' title="bbox 222 1879 1404 1947; baseline -0.002 -1"><span class='ocrx_word' id='word_1_112' title='bbox 222 1881 438 1947; x_wconf 88' lang='lat' dir='ltr'>collocabant.</span> <span class='ocrx_word' id='word_1_113' title='bbox 481 1879 547 1944; x_wconf 81' lang='lat' dir='ltr'>Sed</span> <span class='ocrx_word' id='word_1_114' title='bbox 576 1879 675 1945; x_wconf 87' lang='lat' dir='ltr'>aliter</span> <span class='ocrx_word' id='word_1_115' title='bbox 703 1879 901 1945; x_wconf 87' lang='lat' dir='ltr'>medicorum</span> <span class='ocrx_word' id='word_1_116' title='bbox 931 1879 1072 1946; x_wconf 89' lang='lat' dir='ltr'>scientia</span> <span class='ocrx_word' id='word_1_117' title='bbox 1100 1879 1216 1945; x_wconf 91' lang='lat' dir='ltr'>melius</span> <span class='ocrx_word' id='word_1_118' title='bbox 1245 1879 1404 1946; x_wconf 89' lang='lat' dir='ltr'>instructi</span> 
     </span>
     <span class='ocr_line' id='line_1_16' title="bbox 222 1981 1402 2063; baseline 0.002 -17"><span class='ocrx_word' id='word_1_119' title='bbox 222 2001 292 2048; x_wconf 89' lang='lat' dir='ltr'>rem</span> <span class='ocrx_word' id='word_1_120' title='bbox 315 1981 499 2063; x_wconf 88' lang='lat' dir='ltr'>explicant;</span> <span class='ocrx_word' id='word_1_121' title='bbox 522 2000 598 2046; x_wconf 92' lang='lat' dir='ltr'>nam</span> <span class='ocrx_word' id='word_1_122' title='bbox 621 1981 744 2047; x_wconf 88' lang='lat' dir='ltr'>nullam</span> <span class='ocrx_word' id='word_1_123' title='bbox 767 1981 868 2047; x_wconf 84' lang='lat' dir='ltr'>oliam</span> <span class='ocrx_word' id='word_1_124' title='bbox 890 1983 931 2048; x_wconf 96' lang='lat' dir='ltr'>ob</span> <span class='ocrx_word' id='word_1_125' title='bbox 954 2000 1085 2047; x_wconf 86' lang='lat' dir='ltr'>causam</span> <span class='ocrx_word' id='word_1_126' title='bbox 1112 1981 1147 2048; x_wconf 93' lang='lat' dir='ltr'>in</span> <span class='ocrx_word' id='word_1_127' title='bbox 1177 1982 1294 2048; x_wconf 83' lang='lat' dir='ltr'>Iecore·</span> <span class='ocrx_word' id='word_1_128' title='bbox 1307 1982 1402 2048; x_wconf 82' lang='lat' dir='ltr'>eollo</span> 
     </span>
     <span class='ocr_line' id='line_1_17' title="bbox 222 2081 1402 2169; baseline 0 -19"><span class='ocrx_word' id='word_1_129' title='bbox 222 2085 346 2150; x_wconf 82' lang='lat' dir='ltr'>cabant</span> <span class='ocrx_word' id='word_1_130' title='bbox 367 2081 403 2146; x_wconf 79' lang='grc' dir='ltr'>τὸ</span> <span class='ocrx_word' id='word_1_131' title='bbox 426 2082 658 2168; x_wconf 74' lang='grc' dir='ltr'><strong><em>ἐπιθυμητικὸν</em></strong></span> <span class='ocrx_word' id='word_1_132' title='bbox 687 2103 784 2165; x_wconf 89' lang='lat' dir='ltr'>quarn</span> <span class='ocrx_word' id='word_1_133' title='bbox 813 2084 891 2165; x_wconf 89' lang='lat' dir='ltr'>quia</span> <span class='ocrx_word' id='word_1_134' title='bbox 919 2087 1084 2166; x_wconf 89' lang='lat' dir='ltr'>putabant</span> <span class='ocrx_word' id='word_1_135' title='bbox 1105 2082 1158 2169; x_wconf 70' lang='lat' dir='ltr'>rip</span> <span class='ocrx_word' id='word_1_136' title='bbox 1186 2083 1280 2168; x_wconf 75' lang='grc' dir='ltr'><em>χολὴν</em></span> <span class='ocrx_word' id='word_1_137' title='bbox 1307 2103 1402 2166; x_wconf 86' lang='lat' dir='ltr'>quam</span> 
     </span>
     <span class='ocr_line' id='line_1_18' title="bbox 222 2186 1403 2268; baseline 0.002 -17"><span class='ocrx_word' id='word_1_138' title='bbox 222 2187 363 2252; x_wconf 82' lang='lat' dir='ltr'>maxime</span> <span class='ocrx_word' id='word_1_139' title='bbox 386 2187 496 2254; x_wconf 89' lang='lat' dir='ltr'>valere</span> <span class='ocrx_word' id='word_1_140' title='bbox 520 2189 563 2252; x_wconf 89' lang='lat' dir='ltr'>ad</span> <span class='ocrx_word' id='word_1_141' title='bbox 577 2186 715 2253; x_wconf 89' lang='lat' dir='ltr'>indolem</span> <span class='ocrx_word' id='word_1_142' title='bbox 731 2186 871 2253; x_wconf 87' lang='lat' dir='ltr'>hominis</span> <span class='ocrx_word' id='word_1_143' title='bbox 891 2187 1026 2268; x_wconf 86' lang='lat' dir='ltr'>eiusque</span> <span class='ocrx_word' id='word_1_144' title='bbox 1042 2187 1148 2254; x_wconf 86' lang='lat' dir='ltr'>fatum</span> <span class='ocrx_word' id='word_1_145' title='bbox 1164 2187 1403 2254; x_wconf 82' lang='lat' dir='ltr'>conformanda</span> 
     </span>
    </p>
   </div>
   <div class='ocr_carea' id='block_1_3' title="bbox 188 2323 1404 3636">
    <p class='ocr_par' dir='ltr' id='par_1_3' title="bbox 188 2323 1404 3636">
     <span class='ocr_line' id='line_1_19' title="bbox 308 2323 1402 2407; baseline 0.001 -18"><span class='ocrx_word' id='word_1_146' title='bbox 308 2323 469 2407; x_wconf 82' lang='lat' dir='ltr'>Quoniam</span> <span class='ocrx_word' id='word_1_147' title='bbox 498 2324 605 2388; x_wconf 90' lang='lat' dir='ltr'>adhuc</span> <span class='ocrx_word' id='word_1_148' title='bbox 634 2325 674 2389; x_wconf 94' lang='lat' dir='ltr'>de</span> <span class='ocrx_word' id='word_1_149' title='bbox 708 2323 907 2405; x_wconf 87' lang='lat' dir='ltr'>extispicum</span> <span class='ocrx_word' id='word_1_150' title='bbox 937 2324 1132 2405; x_wconf 88' lang='lat' dir='ltr'>disciplinae</span> <span class='ocrx_word' id='word_1_151' title='bbox 1168 2325 1203 2392; x_wconf 84' lang='lat' dir='ltr'>vi</span> <span class='ocrx_word' id='word_1_152' title='bbox 1233 2344 1272 2391; x_wconf 91' lang='lat' dir='ltr'>ao</span> <span class='ocrx_word' id='word_1_153' title='bbox 1301 2324 1402 2406; x_wconf 80' lang='lat' dir='ltr'>signi·</span> 
     </span>
     <span class='ocr_line' id='line_1_20' title="bbox 221 2424 1402 2507; baseline -0.001 -17"><span class='ocrx_word' id='word_1_154' title='bbox 221 2425 374 2491; x_wconf 87' lang='lat' dir='ltr'>ficatione</span> <span class='ocrx_word' id='word_1_155' title='bbox 390 2424 544 2507; x_wconf 68' lang='lat' dir='ltr'>diximus</span> <span class='ocrx_word' id='word_1_156' title='bbox 565 2425 654 2490; x_wconf 90' lang='lat' dir='ltr'>hand</span> <span class='ocrx_word' id='word_1_157' title='bbox 677 2425 820 2491; x_wconf 91' lang='lat' dir='ltr'>alienum</span> <span class='ocrx_word' id='word_1_158' title='bbox 846 2427 982 2492; x_wconf 88' lang='lat' dir='ltr'>videtur</span> <span class='ocrx_word' id='word_1_159' title='bbox 1003 2426 1105 2490; x_wconf 92' lang='lat' dir='ltr'>ritum</span> <span class='ocrx_word' id='word_1_160' title='bbox 1127 2426 1233 2507; x_wconf 92' lang='lat' dir='ltr'>ipsum</span> <span class='ocrx_word' id='word_1_161' title='bbox 1255 2426 1402 2493; x_wconf 85' lang='lat' dir='ltr'>breviter</span> 
     </span>
     <span class='ocr_line' id='line_1_21' title="bbox 222 2525 1401 2610; baseline -0.001 -17"><span class='ocrx_word' id='word_1_162' title='bbox 222 2527 423 2610; x_wconf 89' lang='lat' dir='ltr'>describere,</span> <span class='ocrx_word' id='word_1_163' title='bbox 464 2527 594 2608; x_wconf 87' lang='lat' dir='ltr'>qualem</span> <span class='ocrx_word' id='word_1_164' title='bbox 629 2546 646 2592; x_wconf 90' lang='lat' dir='ltr'>e</span> <span class='ocrx_word' id='word_1_165' title='bbox 686 2527 843 2592; x_wconf 87' lang='lat' dir='ltr'>Romanis</span> <span class='ocrx_word' id='word_1_166' title='bbox 880 2525 1010 2606; x_wconf 88' lang='lat' dir='ltr'>quidem</span> <span class='ocrx_word' id='word_1_167' title='bbox 1050 2526 1249 2593; x_wconf 87' lang='lat' dir='ltr'>testimoniis</span> <span class='ocrx_word' id='word_1_168' title='bbox 1285 2545 1401 2609; x_wconf 83' lang='lat' dir='ltr'>cogno-</span> 
     </span>
     <span class='ocr_line' id='line_1_22' title="bbox 221 2628 1401 2713; baseline -0.002 -17"><span class='ocrx_word' id='word_1_169' title='bbox 221 2629 403 2712; x_wconf 85' lang='lat' dir='ltr'>verinus.1)</span> <span class='ocrx_word' id='word_1_170' title='bbox 448 2629 528 2696; x_wconf 75' lang='lat' dir='ltr'>(lum</span> <span class='ocrx_word' id='word_1_171' title='bbox 552 2628 588 2694; x_wconf 90' lang='lat' dir='ltr'>in</span> <span class='ocrx_word' id='word_1_172' title='bbox 609 2629 773 2708; x_wconf 69' lang='lat' dir='ltr'>maritimis</span> <span class='ocrx_word' id='word_1_173' title='bbox 794 2628 1065 2713; x_wconf 63' lang='lat' dir='ltr'>eooscttctorttsl)</span> <span class='ocrx_word' id='word_1_174' title='bbox 1098 2633 1319 2710; x_wconf 88' lang='lat' dir='ltr'>usurparetur</span> <span class='ocrx_word' id='word_1_175' title='bbox 1346 2647 1401 2694; x_wconf 85' lang='lat' dir='ltr'>ex·</span> 
     </span>
     <span class='ocr_line' id='line_1_23' title="bbox 221 2730 1401 2816; baseline -0.001 -19"><span class='ocrx_word' id='word_1_176' title='bbox 221 2731 398 2816; x_wconf 83' lang='lat' dir='ltr'>tispicium,</span> <span class='ocrx_word' id='word_1_177' title='bbox 420 2730 626 2798; x_wconf 87' lang='lat' dir='ltr'>sacrificandi</span> <span class='ocrx_word' id='word_1_178' title='bbox 648 2731 733 2796; x_wconf 92' lang='lat' dir='ltr'>ritus</span> <span class='ocrx_word' id='word_1_179' title='bbox 755 2733 857 2796; x_wconf 88' lang='lat' dir='ltr'>antea</span> <span class='ocrx_word' id='word_1_180' title='bbox 879 2735 1029 2811; x_wconf 89' lang='lat' dir='ltr'>peractos</span> <span class='ocrx_word' id='word_1_181' title='bbox 1052 2749 1123 2796; x_wconf 90' lang='lat' dir='ltr'>esse</span> <span class='ocrx_word' id='word_1_182' title='bbox 1144 2749 1204 2813; x_wconf 92' lang='lat' dir='ltr'>per</span> <span class='ocrx_word' id='word_1_183' title='bbox 1233 2749 1268 2797; x_wconf 90' lang='lat' dir='ltr'>se</span> <span class='ocrx_word' id='word_1_184' title='bbox 1297 2733 1401 2813; x_wconf 86' lang='lat' dir='ltr'>patet.</span> 
     </span>
     <span class='ocr_line' id='line_1_24' title="bbox 222 2831 1403 2918; baseline -0.003 -18"><span class='ocrx_word' id='word_1_185' title='bbox 222 2835 272 2899; x_wconf 89' lang='lat' dir='ltr'>Ao</span> <span class='ocrx_word' id='word_1_186' title='bbox 308 2835 495 2900; x_wconf 87' lang='lat' dir='ltr'>Macrobius</span> <span class='ocrx_word' id='word_1_187' title='bbox 506 2833 532 2918; x_wconf 76' lang='lat'>⁸)</span> <span class='ocrx_word' id='word_1_188' title='bbox 569 2851 723 2915; x_wconf 86' lang='lat' dir='ltr'>expresse</span> <span class='ocrx_word' id='word_1_189' title='bbox 761 2837 921 2899; x_wconf 88' lang='lat' dir='ltr'>testatur:</span> <span class='ocrx_word' id='word_1_190' title='bbox 957 2834 994 2896; x_wconf 79' lang='lat' dir='ltr'>ia</span> <span class='ocrx_word' id='word_1_191' title='bbox 1026 2831 1132 2897; x_wconf 86' lang='lat' dir='ltr'>eodem</span> <span class='ocrx_word' id='word_1_192' title='bbox 1165 2833 1256 2897; x_wconf 84' lang='lat' dir='ltr'>cerdo</span> <span class='ocrx_word' id='word_1_193' title='bbox 1288 2833 1403 2898; x_wconf 68' lang='lat' dir='ltr'>bodies</span> 
     </span>
     <span class='ocr_line' id='line_1_25' title="bbox 188 2925 1403 3020; baseline 0.001 -21"><span class='ocrx_word' id='word_1_194' title='bbox 188 2925 291 3016; x_wconf 63' lang='lat' dir='ltr'>&#39;steri</span> <span class='ocrx_word' id='word_1_195' title='bbox 322 2941 437 3018; x_wconf 83' lang='lat' dir='ltr'>oportet</span> <span class='ocrx_word' id='word_1_196' title='bbox 469 2937 741 3016; x_wconf 66' lang='lat' dir='ltr'>summitatemque</span> <span class='ocrx_word' id='word_1_197' title='bbox 775 2935 875 2999; x_wconf 77' lang='lat' dir='ltr'>videri</span> <span class='ocrx_word' id='word_1_198' title='bbox 906 2941 1054 3020; x_wconf 77' lang='lat' dir='ltr'>cetorum,</span> <span class='ocrx_word' id='word_1_199' title='bbox 1086 2940 1122 3000; x_wconf 81' lang='lat' dir='ltr'>ct</span> <span class='ocrx_word' id='word_1_200' title='bbox 1153 2955 1190 3000; x_wconf 86' lang='lat' dir='ltr'>eo</span> <span class='ocrx_word' id='word_1_201' title='bbox 1216 2937 1403 3019; x_wconf 76' lang='lat' dir='ltr'>promittant</span> 
     </span>
     <span class='ocr_line' id='line_1_26' title="bbox 216 3038 1403 3123; baseline 0.003 -22"><span class='ocrx_word' id='word_1_202' title='bbox 216 3039 342 3119; x_wconf 80' lang='lat' dir='ltr'>futoro.</span> <span class='ocrx_word' id='word_1_203' title='bbox 385 3038 494 3104; x_wconf 78' lang='lat' dir='ltr'>PrImo</span> <span class='ocrx_word' id='word_1_204' title='bbox 516 3039 622 3121; x_wconf 81' lang='lat' dir='ltr'>igitur</span> <span class='ocrx_word' id='word_1_205' title='bbox 643 3039 712 3105; x_wconf 91' lang='lat' dir='ltr'>loco</span> <span class='ocrx_word' id='word_1_206' title='bbox 734 3039 927 3119; x_wconf 90' lang='lat' dir='ltr'>precatione</span> <span class='ocrx_word' id='word_1_207' title='bbox 949 3038 1075 3123; x_wconf 73' lang='lat' dir='ltr'>facta4)</span> <span class='ocrx_word' id='word_1_208' title='bbox 1097 3075 1141 3086; x_wconf 90' lang='lat'>—</span> <span class='ocrx_word' id='word_1_209' title='bbox 1156 3040 1268 3122; x_wconf 69' lang='lat' dir='ltr'>quippe</span> <span class='ocrx_word' id='word_1_210' title='bbox 1288 3039 1403 3104; x_wconf 68' lang='lat' dir='ltr'>dommo</span> 
     </span>
     <span class='ocr_line' id='line_1_27' title="bbox 222 3139 1401 3223; baseline 0.002 -19"><span class='ocrx_word' id='word_1_211' title='bbox 222 3139 310 3204; x_wconf 79' lang='lat' dir='ltr'>occdi</span> <span class='ocrx_word' id='word_1_212' title='bbox 341 3143 409 3206; x_wconf 73' lang='lat' dir='ltr'>sobe</span> <span class='ocrx_word' id='word_1_213' title='bbox 444 3142 619 3223; x_wconf 78' lang='lat' dir='ltr'>precatione</span> <span class='ocrx_word' id='word_1_214' title='bbox 650 3161 713 3205; x_wconf 83' lang='lat' dir='ltr'>ooo</span> <span class='ocrx_word' id='word_1_215' title='bbox 741 3141 863 3205; x_wconf 71' lang='lat' dir='ltr'>eidetm</span> <span class='ocrx_word' id='word_1_216' title='bbox 895 3141 1016 3223; x_wconf 83' lang='lat' dir='ltr'>referre</span> <span class='ocrx_word' id='word_1_217' title='bbox 1047 3146 1103 3206; x_wconf 82' lang='lat' dir='ltr'>cut</span> <span class='ocrx_word' id='word_1_218' title='bbox 1136 3141 1209 3207; x_wconf 81' lang='lat' dir='ltr'>deos</span> <span class='ocrx_word' id='word_1_219' title='bbox 1240 3144 1301 3205; x_wconf 85' lang='lat' dir='ltr'>rc&#39;tc</span> <span class='ocrx_word' id='word_1_220' title='bbox 1333 3161 1401 3206; x_wconf 85' lang='lat' dir='ltr'>corr·</span> 
     </span>
     <span class='ocr_line' id='line_1_28' title="bbox 219 3242 1404 3327; baseline 0 -19"><span class='ocrx_word' id='word_1_221' title='bbox 219 3243 380 3327; x_wconf 54' lang='grc'>11111)-</span> <span class='ocrx_word' id='word_1_222' title='bbox 402 3245 462 3310; x_wconf 92' lang='lat' dir='ltr'>deo</span> <span class='ocrx_word' id='word_1_223' title='bbox 484 3249 539 3310; x_wconf 88' lang='lat' dir='ltr'>tus</span> <span class='ocrx_word' id='word_1_224' title='bbox 555 3249 590 3310; x_wconf 89' lang='lat' dir='ltr'>et</span> <span class='ocrx_word' id='word_1_225' title='bbox 611 3243 723 3311; x_wconf 89' lang='lat' dir='ltr'>vinum</span> <span class='ocrx_word' id='word_1_226' title='bbox 745 3242 879 3310; x_wconf 89' lang='lat' dir='ltr'>libatur.</span> <span class='ocrx_word' id='word_1_227' title='bbox 923 3244 1052 3310; x_wconf 90' lang='lat' dir='ltr'>Deinde</span> <span class='ocrx_word' id='word_1_228' title='bbox 1073 3243 1184 3310; x_wconf 89' lang='lat' dir='ltr'>hostia</span> <span class='ocrx_word' id='word_1_229' title='bbox 1206 3245 1292 3310; x_wconf 88' lang='lat' dir='ltr'>mola</span> <span class='ocrx_word' id='word_1_230' title='bbox 1314 3244 1404 3309; x_wconf 86' lang='lat' dir='ltr'>salsa</span> 
     </span>
     <span class='ocr_line' id='line_1_29' title="bbox 222 3344 1401 3430; baseline 0.001 -19"><span class='ocrx_word' id='word_1_231' title='bbox 222 3351 256 3411; x_wconf 87' lang='lat' dir='ltr'>et</span> <span class='ocrx_word' id='word_1_232' title='bbox 278 3345 355 3413; x_wconf 90' lang='lat' dir='ltr'>viuo</span> <span class='ocrx_word' id='word_1_233' title='bbox 377 3365 514 3428; x_wconf 86' lang='lat' dir='ltr'>aspersa</span> <span class='ocrx_word' id='word_1_234' title='bbox 537 3347 595 3412; x_wconf 93' lang='lat' dir='ltr'>deo</span> <span class='ocrx_word' id='word_1_235' title='bbox 611 3351 764 3412; x_wconf 88' lang='lat' dir='ltr'>sacratur</span> <span class='ocrx_word' id='word_1_236' title='bbox 777 3351 1006 3427; x_wconf 87' lang='lat' dir='ltr'>mactaturque</span> <span class='ocrx_word' id='word_1_237' title='bbox 1016 3345 1050 3430; x_wconf 78' lang='lat'>⁶),</span> <span class='ocrx_word' id='word_1_238' title='bbox 1072 3345 1106 3410; x_wconf 92' lang='lat' dir='ltr'>id</span> <span class='ocrx_word' id='word_1_239' title='bbox 1129 3347 1214 3426; x_wconf 89' lang='lat' dir='ltr'>quod</span> <span class='ocrx_word' id='word_1_240' title='bbox 1230 3344 1365 3412; x_wconf 84' lang='lat' dir='ltr'>Servius</span> <span class='ocrx_word' id='word_1_241' title='bbox 1378 3345 1401 3430; x_wconf 66' lang='lat'>²)</span> 
     </span>
     <span class='ocr_line' id='line_1_30' title="bbox 222 3447 1402 3532; baseline 0 -19"><span class='ocrx_word' id='word_1_242' title='bbox 222 3447 293 3514; x_wconf 88' lang='lat' dir='ltr'>sine</span> <span class='ocrx_word' id='word_1_243' title='bbox 330 3449 429 3516; x_wconf 79' lang='lat' dir='ltr'>dubIo</span> <span class='ocrx_word' id='word_1_244' title='bbox 457 3451 546 3515; x_wconf 88' lang='lat' dir='ltr'>haud</span> <span class='ocrx_word' id='word_1_245' title='bbox 574 3454 664 3515; x_wconf 88' lang='lat' dir='ltr'>recte</span> <span class='ocrx_word' id='word_1_246' title='bbox 701 3448 749 3514; x_wconf 87' lang='lat' dir='ltr'>sio</span> <span class='ocrx_word' id='word_1_247' title='bbox 786 3448 946 3529; x_wconf 86' lang='lat' dir='ltr'>explicat:</span> <span class='ocrx_word' id='word_1_248' title='bbox 981 3451 1071 3511; x_wconf 81' lang='lat' dir='ltr'>creat</span> <span class='ocrx_word' id='word_1_249' title='bbox 1103 3451 1206 3511; x_wconf 82' lang='lat' dir='ltr'>cotem</span> <span class='ocrx_word' id='word_1_250' title='bbox 1238 3448 1317 3510; x_wconf 59' lang='lat' dir='ltr'>abac</span> <span class='ocrx_word' id='word_1_251' title='bbox 1346 3447 1402 3532; x_wconf 90' lang='lat' dir='ltr'>(sc.</span> 
     </span>
     <span class='ocr_line' id='line_1_31' title="bbox 221 3548 1401 3636; baseline 0 -22"><span class='ocrx_word' id='word_1_252' title='bbox 221 3551 422 3636; x_wconf 53' lang='lat' dir='ltr'>aspersam</span> <span class='ocrx_word' id='word_1_253' title='bbox 447 3550 657 3633; x_wconf 74' lang='lat' dir='ltr'>probatiores,</span> <span class='ocrx_word' id='word_1_254' title='bbox 694 3555 802 3614; x_wconf 80' lang='lat' dir='ltr'>atram</span> <span class='ocrx_word' id='word_1_255' title='bbox 837 3555 945 3631; x_wconf 81' lang='lat' dir='ltr'>aptum</span> <span class='ocrx_word' id='word_1_256' title='bbox 978 3554 1051 3614; x_wconf 86' lang='lat' dir='ltr'>esset</span> <span class='ocrx_word' id='word_1_257' title='bbox 1084 3549 1206 3612; x_wconf 75' lang='lat' dir='ltr'>animat</span> <span class='ocrx_word' id='word_1_258' title='bbox 1240 3548 1401 3630; x_wconf 51' lang='lat' dir='ltr'>coctiaco.</span> 
     </span>
    </p>
   </div>
   <div class='ocr_carea' id='block_1_4' title="bbox 220 3750 1402 4420">
    <p class='ocr_par' dir='ltr' id='par_1_4' title="bbox 220 3750 1402 3993">
     <span class='ocr_line' id='line_1_32' title="bbox 309 3750 1402 3823; baseline 0 -14"><span class='ocrx_word' id='word_1_259' title='bbox 309 3753 328 3823; x_wconf 87' lang='lat'>¹)</span> <span class='ocrx_word' id='word_1_260' title='bbox 347 3755 512 3810; x_wconf 83' lang='lat' dir='ltr'>Graecorum</span> <span class='ocrx_word' id='word_1_261' title='bbox 535 3754 698 3822; x_wconf 85' lang='lat' dir='ltr'>extispicum</span> <span class='ocrx_word' id='word_1_262' title='bbox 727 3753 798 3808; x_wconf 84' lang='lat' dir='ltr'>ritus</span> <span class='ocrx_word' id='word_1_263' title='bbox 822 3751 974 3808; x_wconf 89' lang='lat' dir='ltr'>simillimos</span> <span class='ocrx_word' id='word_1_264' title='bbox 996 3750 1081 3806; x_wconf 80' lang='lat' dir='ltr'>tuisse</span> <span class='ocrx_word' id='word_1_265' title='bbox 1113 3752 1244 3807; x_wconf 88' lang='lat' dir='ltr'>Romanis</span> <span class='ocrx_word' id='word_1_266' title='bbox 1273 3753 1362 3809; x_wconf 81' lang='lat' dir='ltr'>elucet</span> <span class='ocrx_word' id='word_1_267' title='bbox 1387 3769 1402 3808; x_wconf 86' lang='lat' dir='ltr'>e</span> 
     </span>
     <span class='ocr_line' id='line_1_33' title="bbox 221 3837 1402 3908; baseline 0 -15"><span class='ocrx_word' id='word_1_268' title='bbox 221 3839 341 3895; x_wconf 82' lang='lat' dir='ltr'>Graecae</span> <span class='ocrx_word' id='word_1_269' title='bbox 365 3846 394 3895; x_wconf 87' lang='lat' dir='ltr'>at</span> <span class='ocrx_word' id='word_1_270' title='bbox 415 3840 556 3894; x_wconf 86' lang='lat' dir='ltr'>Romanae</span> <span class='ocrx_word' id='word_1_271' title='bbox 578 3838 719 3908; x_wconf 78' lang='lat' dir='ltr'>religionis</span> <span class='ocrx_word' id='word_1_272' title='bbox 743 3837 911 3907; x_wconf 85' lang='lat' dir='ltr'>cognatione.</span> <span class='ocrx_word' id='word_1_273' title='bbox 947 3839 986 3893; x_wconf 83' lang='lat' dir='ltr'>At</span> <span class='ocrx_word' id='word_1_274' title='bbox 1008 3837 1038 3892; x_wconf 93' lang='lat' dir='ltr'>in</span> <span class='ocrx_word' id='word_1_275' title='bbox 1061 3841 1121 3892; x_wconf 84' lang='lat' dir='ltr'>arte</span> <span class='ocrx_word' id='word_1_276' title='bbox 1145 3837 1346 3907; x_wconf 84' lang='lat' dir='ltr'>interpretandi</span> <span class='ocrx_word' id='word_1_277' title='bbox 1369 3843 1402 3893; x_wconf 92' lang='lat' dir='ltr'>ut</span> 
     </span>
     <span class='ocr_line' id='line_1_34' title="bbox 220 3922 1255 3993; baseline 0.003 -17"><span class='ocrx_word' id='word_1_278' title='bbox 220 3939 305 3993; x_wconf 87' lang='lat' dir='ltr'>supra</span> <span class='ocrx_word' id='word_1_279' title='bbox 321 3941 348 3993; x_wconf 81' lang='lat' dir='ltr'>p.</span> <span class='ocrx_word' id='word_1_280' title='bbox 365 3924 400 3978; x_wconf 82' lang='lat'>62</span> <span class='ocrx_word' id='word_1_281' title='bbox 419 3925 671 3992; x_wconf 83' lang='lat' dir='ltr'>demonstravimus,</span> <span class='ocrx_word' id='word_1_282' title='bbox 690 3939 772 3992; x_wconf 86' lang='lat' dir='ltr'>quarn</span> <span class='ocrx_word' id='word_1_283' title='bbox 789 3923 908 3978; x_wconf 85' lang='lat' dir='ltr'>maxima</span> <span class='ocrx_word' id='word_1_284' title='bbox 924 3922 998 3978; x_wconf 87' lang='lat' dir='ltr'>iuter</span> <span class='ocrx_word' id='word_1_285' title='bbox 1009 3938 1038 3978; x_wconf 86' lang='lat' dir='ltr'>ae</span> <span class='ocrx_word' id='word_1_286' title='bbox 1056 3922 1255 3992; x_wconf 72' lang='lat' dir='ltr'>discrepabant.</span> 
     </span>
    </p>

    <p class='ocr_par' dir='ltr' id='par_1_5' title="bbox 308 4008 1042 4079">
     <span class='ocr_line' id='line_1_35' title="bbox 308 4008 1042 4079; baseline -0.005 -14"><span class='ocrx_word' id='word_1_287' title='bbox 308 4009 330 4079; x_wconf 73' lang='lat'>⁹)</span> <span class='ocrx_word' id='word_1_288' title='bbox 348 4010 422 4066; x_wconf 84' lang='lat' dir='ltr'>Serv.</span> <span class='ocrx_word' id='word_1_289' title='bbox 441 4011 476 4065; x_wconf 89' lang='lat' dir='ltr'>ad</span> <span class='ocrx_word' id='word_1_290' title='bbox 496 4011 563 4064; x_wconf 86' lang='lat' dir='ltr'>Aen.</span> <span class='ocrx_word' id='word_1_291' title='bbox 582 4009 894 4078; x_wconf 55' lang='lat' dir='ltr'>lucullanensis.</span> <span class='ocrx_word' id='word_1_292' title='bbox 913 4008 957 4062; x_wconf 90' lang='lat' dir='ltr'>III</span> <span class='ocrx_word' id='word_1_293' title='bbox 974 4009 999 4077; x_wconf 78' lang='grc' dir='ltr'>ὃ,</span> <span class='ocrx_word' id='word_1_294' title='bbox 1018 4009 1042 4062; x_wconf 93' lang='lat'>1.</span> 
     </span>
    </p>

    <p class='ocr_par' dir='ltr' id='par_1_6' title="bbox 308 4093 1194 4166">
     <span class='ocr_line' id='line_1_36' title="bbox 308 4093 1194 4166; baseline 0 -18"><span class='ocrx_word' id='word_1_295' title='bbox 308 4093 329 4166; x_wconf 80' lang='lat'>⁸)</span> <span class='ocrx_word' id='word_1_296' title='bbox 348 4094 406 4150; x_wconf 85' lang='lat' dir='ltr'>Sat.</span> <span class='ocrx_word' id='word_1_297' title='bbox 424 4096 469 4150; x_wconf 93' lang='lat' dir='ltr'>III</span> <span class='ocrx_word' id='word_1_298' title='bbox 487 4096 511 4162; x_wconf 86' lang='grc'>9,</span> <span class='ocrx_word' id='word_1_299' title='bbox 530 4095 554 4150; x_wconf 91' lang='grc'>9.</span> <span class='ocrx_word' id='word_1_300' title='bbox 760 4093 783 4163; x_wconf 81' lang='lat'>⁴)</span> <span class='ocrx_word' id='word_1_301' title='bbox 801 4093 901 4149; x_wconf 78' lang='lat' dir='ltr'>Arnob.</span> <span class='ocrx_word' id='word_1_302' title='bbox 920 4094 982 4148; x_wconf 79' lang='lat' dir='ltr'>adv.</span> <span class='ocrx_word' id='word_1_303' title='bbox 1000 4099 1075 4164; x_wconf 78' lang='lat' dir='ltr'>gent.</span> <span class='ocrx_word' id='word_1_304' title='bbox 1093 4093 1134 4148; x_wconf 89' lang='lat' dir='ltr'>IV</span> <span class='ocrx_word' id='word_1_305' title='bbox 1153 4094 1194 4148; x_wconf 93' lang='lat' dir='ltr'>ll.</span> 
     </span>
    </p>

    <p class='ocr_par' dir='ltr' id='par_1_7' title="bbox 309 4179 725 4249">
     <span class='ocr_line' id='line_1_37' title="bbox 309 4179 725 4249; baseline 0 -15"><span class='ocrx_word' id='word_1_306' title='bbox 309 4179 332 4249; x_wconf 81' lang='lat'>⁸)</span> <span class='ocrx_word' id='word_1_307' title='bbox 349 4180 421 4236; x_wconf 89' lang='lat' dir='ltr'>Plin.</span> <span class='ocrx_word' id='word_1_308' title='bbox 439 4180 472 4235; x_wconf 89' lang='lat' dir='ltr'>N.</span> <span class='ocrx_word' id='word_1_309' title='bbox 490 4181 524 4236; x_wconf 90' lang='lat' dir='ltr'>H.</span> <span class='ocrx_word' id='word_1_310' title='bbox 544 4179 667 4235; x_wconf 87' lang='lat' dir='ltr'>XXVIII</span> <span class='ocrx_word' id='word_1_311' title='bbox 684 4179 725 4234; x_wconf 88' lang='lat'>10.</span> 
     </span>
    </p>

    <p class='ocr_par' dir='ltr' id='par_1_8' title="bbox 308 4264 887 4334">
     <span class='ocr_line' id='line_1_38' title="bbox 308 4264 887 4334; baseline 0 -16"><span class='ocrx_word' id='word_1_312' title='bbox 308 4265 331 4333; x_wconf 80' lang='lat'>⁶)</span> <span class='ocrx_word' id='word_1_313' title='bbox 348 4264 452 4320; x_wconf 84' lang='lat' dir='ltr'>Paulus</span> <span class='ocrx_word' id='word_1_314' title='bbox 471 4265 547 4321; x_wconf 75' lang='lat' dir='ltr'>Festi</span> <span class='ocrx_word' id='word_1_315' title='bbox 564 4283 585 4320; x_wconf 90' lang='lat' dir='ltr'>s.</span> <span class='ocrx_word' id='word_1_316' title='bbox 603 4280 629 4321; x_wconf 86' lang='lat' dir='ltr'>v.</span> <span class='ocrx_word' id='word_1_317' title='bbox 647 4265 721 4320; x_wconf 85' lang='lat' dir='ltr'>mota</span> <span class='ocrx_word' id='word_1_318' title='bbox 738 4281 764 4334; x_wconf 92' lang='lat' dir='ltr'>p.</span> <span class='ocrx_word' id='word_1_319' title='bbox 784 4264 887 4320; x_wconf 80' lang='grc'><strong>14011.</strong></span> 
     </span>
    </p>

    <p class='ocr_par' dir='ltr' id='par_1_9' title="bbox 309 4349 872 4420">
     <span class='ocr_line' id='line_1_39' title="bbox 309 4349 872 4420; baseline -0.002 -16"><span class='ocrx_word' id='word_1_320' title='bbox 309 4350 330 4419; x_wconf 70' lang='lat'>³)</span> <span class='ocrx_word' id='word_1_321' title='bbox 347 4350 391 4404; x_wconf 77' lang='lat' dir='ltr'>Ad</span> <span class='ocrx_word' id='word_1_322' title='bbox 408 4351 492 4419; x_wconf 79' lang='lat' dir='ltr'>Verg.</span> <span class='ocrx_word' id='word_1_323' title='bbox 511 4351 578 4406; x_wconf 86' lang='lat' dir='ltr'>Aen.</span> <span class='ocrx_word' id='word_1_324' title='bbox 597 4351 638 4406; x_wconf 87' lang='lat' dir='ltr'>VI</span> <span class='ocrx_word' id='word_1_325' title='bbox 655 4351 719 4420; x_wconf 83' lang='lat'><strong>244;</strong></span> <span class='ocrx_word' id='word_1_326' title='bbox 738 4350 794 4404; x_wconf 86' lang='lat' dir='ltr'>XII</span> <span class='ocrx_word' id='word_1_327' title='bbox 812 4349 872 4404; x_wconf 80' lang='grc'><strong>173.</strong></span> 
     </span>
    </p>
   </div>
   <div class='ocr_carea' id='block_1_5' title="bbox 270 4433 1248 4505">
    <p class='ocr_par' dir='ltr' id='par_1_10' title="bbox 270 4433 1248 4505">
     <span class='ocr_line' id='line_1_40' title="bbox 270 4433 1248 4505; baseline 0.001 -11"><span class='ocrx_word' id='word_1_328' title='bbox 270 4450 591 4505; x_wconf 71' lang='lat' dir='ltr'>RellgIonegeschiehtliobe</span> <span class='ocrx_word' id='word_1_329' title='bbox 604 4452 724 4498; x_wconf 76' lang='lat' dir='ltr'>versuciis</span> <span class='ocrx_word' id='word_1_330' title='bbox 738 4463 761 4496; x_wconf 90' lang='lat' dir='ltr'>u.</span> <span class='ocrx_word' id='word_1_331' title='bbox 774 4451 933 4497; x_wconf 71' lang='lat' dir='ltr'>Vortrbelten</span> <span class='ocrx_word' id='word_1_332' title='bbox 946 4452 978 4495; x_wconf 92' lang='lat' dir='ltr'>II.</span> <span class='ocrx_word' id='word_1_333' title='bbox 1214 4433 1248 4487; x_wconf 73' lang='grc' dir='ltr'>Ῑθ</span> 
     </span>
    </p>
   </div>
   <div class='ocr_carea' id='block_1_6' title="bbox 0 0 1758 5226">
    <p class='ocr_par' dir='ltr' id='par_1_11' title="bbox 0 0 1758 5226">
     <span class='ocr_line' id='line_1_41' title="bbox 0 0 1758 5226; baseline 0 0"><span class='ocrx_word' id='word_1_334' title='bbox 0 0 1758 5226; x_wconf 95' lang='lat' dir='ltr'> </span> 
     </span>
    </p>
   </div>
  </div>
 </body>
</html>
