3508 5068
353 427 416 491 174
804 421 937 492 Georgius
954 419 1068 476 Bleohor
1496 419 1530 508 [4

438 594 587 662 Horon
608 593 661 660 IX
681 593 739 660 36:
769 584 867 668 Οὗτος
888 588 926 676 δὴ
946 589 1018 655 τότε
1037 599 1152 654 τοῖσι
1171 587 1338 676 Ἕλλησι
1357 590 1376 656 δ
1406 598 1529 657 Τισα-

351 695 474 778 μενός
504 741 512 758 .
537 741 577 758 ..
608 688 859 777 ἐμαντεύετο
892 687 932 758 δν
959 702 1005 778 τῇ
1034 691 1274 758 Πλαταιίδι.
1303 704 1418 758 τοῖσι
1457 698 1531 776 μέν

353 820 420 863 νυν
458 794 625 884 Ἕλλησι
667 795 772 860 καλδι
814 790 975 880 ἐγίνετο
1018 795 1066 860 τδι
1101 794 1171 883 loo
1208 793 1530 879 ἀμυνομένοισι,

353 900 529 984 διαβᾶσι
551 897 594 964 ol
621 897 883 964 τδνίίσωιιδν
902 898 972 964 καί
991 898 1125 986 μάχης
1145 896 1322 985 ἄρχουσι
1344 897 1397 964 οδ.

438 1037 587 1105 Herod·
604 1036 728 1103 1X37:
750 1034 974 1123 Μαρδονίῳ
990 1033 1377 1120 δίπροδυμεομίνῳ
1398 1035 1532 1120 μάχης
1570 1036 1573 1040 ’

354 1139 498 1224 ἄρχειν
519 1137 591 1203 οὒκ
612 1136 814 1224 ἐπιτήδεα
846 1132 1006 1222 ἐγίνετο
1038 1136 1086 1201 τδι
1114 1136 1199 1222 ἱρά,
1221 1137 1466 1223 ἀμυνομένῳ
1489 1135 1532 1200 δὲ

353 1240 423 1306 καλ
444 1241 574 1325 τούτῳ
604 1239 722 1305 καλά·
754 1241 823 1305 καί
851 1239 927 1324 γὰρ
949 1234 1070 1317 οὗτος
1091 1238 1374 1325 Ἑλληνικοῖσι
1397 1239 1533 1327 ἱροῖσι

354 1341 514 1429 ἐχρᾶτο.
1465 1369 1467 1374 ·

440 1480 549 1547 Plut.
571 1478 675 1546 Aristo
696 1479 752 1546 18:
775 1483 959 1566 Δυσφορῶν
980 1471 1067 1544 olco
1088 1481 1272 1555 Παυσανίας
1293 1489 1362 1556 τοῖς
1381 1489 1532 1564 παροῦσι,

356 1580 452 1647 ἄλλα
479 1591 545 1645 τοῦ
576 1580 746 1663 μάντεως
767 1575 828 1644 δτι)
850 1579 998 1657 ἄλλοις
1020 1579 1156 1664 ἱερεῖα
1177 1580 1532 1664 καταβάλλοντος,

354 1687 556 1771 τρέπεται
576 1681 683 1770 πρὸς
713 1689 756 1748 τὸ
789 1681 954 1770 Ἡραῖον
982 1694 1020 1768 τῇ
1043 1680 1121 1768 δψει
1151 1680 1381 1770 δεδακρυμένος
1400 1683 1456 1749 καὶ
1476 1682 1535 1760 τὰς

355 1796 465 1872 χεῖρας
498 1785 646 1866 ἀνασχὼν
680 1785 723 1851 ιδ’
729 1786 749 1866 ξ
755 1807 828 1850 ατο
856 1788 1062 1872 Κιθαιρωνίᾳ
1076 1782 1164 1873 Ἥρᾳ
1195 1787 1250 1852 καὶ
1285 1789 1378 1862 θεοῖς
1413 1785 1534 1861 ἄλλοις,

356 1890 389 1954 οἳ
408 1888 591 1954 Πλαταιΐδα
612 1897 668 1974 γῆν
687 1888 815 1969 ἔχουσιν
830 1935 837 1951 .
855 1936 862 1952 .
880 1935 888 1952 .
903 1900 1003 1955 ταῦτα
1021 1899 1078 1953 τοῦ
1090 1892 1273 1955 Παυσανίου
1287 1887 1535 1965 θεοκλυτοῦντος

356 1990 439 2074 ἅμα
466 2001 559 2066 ταῖς
582 1989 726 2070 εδχαίς
755 1989 885 2078 ἐφάνη
905 1991 953 2056 τὰ
987 1989 1078 2076 leod
1105 1993 1178 2058 καί
1204 1990 1359 2077 νίκηνδ
1386 1992 1535 2075 μάντις

356 2089 556 2178 iocata-¹)

445 2262 465 2332 ²)
483 2262 645 2330 Herodotus,
662 2261 710 2317 ubi
728 2263 762 2317 de
779 2261 873 2318 eadem
888 2278 918 2319 ro
935 2261 1089 2332 disputarit
1106 2262 1157 2332 (IX
1174 2262 1227 2332 61),
1252 2262 1353 2333 σφάγια
1369 2263 1535 2318 Pausaniam

356 2347 453 2404 iecisse
478 2346 625 2404 memoriae
649 2347 774 2404 tradidit.
814 2348 980 2403 Plutarchus
1008 2363 1056 2417 pro
1086 2363 1151 2403 voce
1174 2348 1276 2417 σφάγια
1299 2347 1444 2404 substituit
1466 2347 1535 2418 ίιρά.

357 2432 435 2489 Unda
452 2433 665 2489 concludendum
677 2438 720 2488 est
731 2449 792 2488 eum
804 2433 859 2488 ium
876 2448 930 2490 non
941 2433 1117 2503 intellexisse,
1136 2433 1201 2502 quid
1218 2433 1329 2489 intorsit
1346 2433 1419 2490 inter
1436 2432 1536 2503 σφάγια

356 2523 386 2574 et
403 2517 470 2588 ἱερά,
488 2534 557 2587 quae
570 2518 721 2588 Xenophon
732 2518 831 2573 talium
841 2534 932 2574 rerum
945 2519 1018 2574 houd
1029 2518 1173 2588 imperitus
1190 2517 1288 2590 (Anah.
1300 2519 1326 2575 V
1336 2519 1362 2587 6,
1374 2519 1418 2589 29)
1435 2519 1537 2576 acriter

356 2604 487 2660 discernit
504 2603 601 2675 (Anah.
619 2605 635 2660 I
652 2604 677 2674 8,
697 2605 743 2673 153
761 2604 803 2660 VI
819 2603 844 2673 5,
862 2603 880 2658 8
897 2609 926 2660 et
943 2604 996 2672 21).
1031 2605 1105 2676 Ergo
1122 2603 1157 2656 τὰ
1175 2602 1276 2675 σφάγια
1293 2621 1347 2660 non
1358 2609 1483 2674 spectent
1499 2606 1536 2660 ad

355 2688 528 2759 extispicium
552 2689 624 2746 sicut
645 2686 680 2741 τὰ
703 2687 765 2754 ἱεροί
771 2731 778 2759 ,
802 2706 872 2758 quae
895 2689 930 2745 ad
954 2691 1004 2746 hoc
1027 2690 1170 2746 divinandi
1195 2706 1282 2761 genus
1306 2690 1429 2746 adhibita
1451 2690 1536 2746 inisse

356 2789 388 2829 eo
399 2774 610 2843 demonstretur,
629 2775 701 2844 quod
718 2769 804 2840 ἄλοβα
816 2775 924 2845 saepius
935 2765 1068 2832 uocantur
1080 2776 1158 2846 (Xon.
1170 2776 1242 2832 Hell.
1254 2776 1334 2845 1114,
1348 2776 1394 2845 16;
1411 2776 1452 2831 1v
1464 2776 1488 2845 i,
1501 2775 1536 2844 l).

356 2858 415 2926 Quo
432 2865 525 2916 sutem
542 2859 621 2915 modo
637 2875 685 2928 per
703 2858 803 2928 σφάγια
814 2861 888 2918 iacta
905 2861 943 2918 sit
954 2861 1097 2931 divinatio,
1115 2862 1249 2931 expressis
1260 2862 1351 2918 verbis
1368 2861 1537 2918 crateribus

357 2959 411 3000 non
428 2942 589 3013 explicatur.
625 2944 702 3012 Quod
718 2945 750 3002 P.
768 2945 976 3018 stengelius
999 2947 1029 3002 in
1046 2948 1167 3004 Ηονοιοι
1191 2948 1244 3004 vol.
1262 2947 1332 3002 XXI
1351 2945 1418 3002 1886
1441 2964 1467 3016 p.
1485 2946 1538 3000 310

357 3027 473 3085 coniecit
490 3044 524 3084 ex
541 3029 647 3086 hostiae
664 3031 799 3099 obsequio,
817 3047 870 3100 quo
884 3047 958 3086 aram
977 3033 1073 3102 odiret,
1091 3033 1186 3088 futura
1205 3033 1317 3104 cognita
1340 3049 1406 3100 esse,
1430 3035 1537 3102 spectat

357 3129 412 3168 non
429 3114 516 3169 solum
534 3115 569 3169 ad
587 3113 686 3184 σφάγια
704 3116 750 3170 sed
768 3115 804 3170 ad
821 3115 912 3172 omnia
924 3116 1062 3171 *sacmdcis
1073 3116 1165 3186 (ldacr.
1184 3118 1239 3173 Sat.
1251 3118 1295 3172 ΠΙ
1307 3117 1332 3183 6,
1344 3118 1381 3186 8),
1399 3123 1536 3172 eteorum

357 3198 388 3256 iu
404 3214 516 3257 numero
530 3198 651 3258 ominum
668 3200 821 3257 habendum
839 3207 889 3264 est,
908 3217 977 3270 quae
991 3201 1050 3258 fieri
1068 3202 1191 3260 solebant
1207 3203 1237 3258 in
1254 3203 1335 3258 rebus
1351 3205 1444 3258 sacris.
1479 3202 1537 3257 Hoc

357 3285 436 3339 modo
453 3300 510 3340 rem
527 3300 582 3340 non
594 3284 686 3341 dirimi
703 3284 910 3356 Stengalius
926 3286 985 3355 ipse
995 3293 1091 3357 postes
1102 3288 1234 3344 concessit
1244 3289 1274 3344 in
1284 3288 1353 3344 libro
1366 3304 1414 3344 suo
1429 3286 1537 3346 eroon.

358 3368 573 3424 Kaltus-Altcrt.
592 3386 618 3438 p.
631 3370 673 3424 44.
709 3371 768 3426 Non
780 3372 865 3428 multo
883 3371 964 3428 aliter
975 3388 1004 3426 se
1016 3373 1108 3440 habet,
1126 3375 1196 3442 quod
1216 3374 1246 3430 in
1258 3375 1379 3430 eimdem
1396 3373 1460 3430 libri
1472 3372 1537 3430 edit.

358 3454 407 3510 alt.
419 3472 445 3524 p.
458 3455 493 3508 67
506 3455 623 3523 protulit
633 3455 778 3525 praecipue
787 3455 960 3512 observatum
972 3474 1038 3527 esse,
1052 3460 1181 3527 quomodo
1193 3459 1268 3514 iecur
1279 3460 1395 3514 flammis
1407 3459 1538 3514 iniectum

357 3539 561 3597 combureretur
572 3541 618 3610 (ci.
628 3539 725 3596 Herm.
739 3542 791 3597 vol.
804 3542 896 3598 XXXI
905 3542 973 3598 1896
984 3560 1010 3616 p.
1019 3543 1169 3614 didacum).
1188 3545 1315 3600 Enostra
1323 3545 1461 3600 sententia
1472 3545 1538 3599 haec

358 3623 502 3679 divinandi
513 3625 584 3681 ratio
596 3626 744 3683 definiatur
754 3643 770 3682 e
782 3627 872 3683 verbis
890 3629 1007 3697 σφάζειν,
1026 3626 1166 3694 ἐντέμνων
1178 3630 1240 3685 aliis
1251 3629 1393 3685 similibus.
1429 3627 1540 3698 σφάζειν

358 3709 432 3764 enim
455 3724 509 3764 vos
537 3709 566 3764 in
591 3711 723 3780 glossario
747 3713 925 3781 Stephani
951 3729 985 3768 ex
1008 3714 1040 3768 11.
1058 3714 1170 3768 111454
1194 3715 1233 3769 sic
1257 3715 1421 3784 explicatur:
1451 3715 1538 3772 curuo

360 3793 486 3864 iugulum
505 3794 620 3864 aperire,
638 3801 670 3851 ut
688 3796 785 3852 effluat
801 3798 923 3868 sanguis.
959 3798 1034 3866 Quae
1051 3799 1243 3868 interpretatio
1266 3800 1367 3869 optime
1384 3800 1547 3858 illustrotur⁴

360 3877 440 3947 toph.
463 3878 507 3934 Al.
532 3879 597 3934 299:
620 3881 683 3934 τοδε
705 3882 757 3946 μὸν
780 3882 827 3952 (sc.
850 3883 976 3952 ταύρουε)
1000 3879 1128 3952 ηδχίνιζι,
1155 3883 1219 3940 τοδε
1242 3881 1271 3936 δὲ
1295 3885 1341 3955 (sc.
1366 3886 1456 3957 κύνας)
1479 3883 1539 3936 ἄνευ

360 3967 470 4034 τρίπουν
487 3964 592 4033 ἔσφαζε.
611 3965 762 4022 Scholiasta
773 3967 799 4023 h.
812 3969 831 4022 l.
843 3968 962 4024 addidit:
981 3965 1039 4020 ἄνευ
1050 3970 1168 4041 τρίπουν]
1181 3968 1250 4038 ὅπερ
1264 3968 1380 4042 Ὄμηρος
1398 3964 1433 4025 αὖ
1450 3970 1540 4043 dedam

360 4051 425 4118 φησὶ
439 4045 509 4101 ὥστε
526 4046 611 4102 κατὰ
628 4053 689 4102 τοῦ
706 4047 831 4116 λαιμοῦ
849 4053 977 4120 γίνεσθαι
989 4052 1040 4120 τὴν
1052 4055 1163 4126 σφαγήν.
1198 4058 1339 4114 Accedunt
1349 4060 1456 4128 glossae
1468 4057 1540 4126 apud

361 4133 527 4203 Hesychinm
545 4140 684 4192 sentiae:
704 4151 873 4207 σφαγεῖον
890 4140 1043 4208 πρόβατον,
1056 4137 1162 4207 θῦμαῆ
1179 4141 1215 4194 lo
1227 4137 1250 4207 ᾧ
1263 4141 1301 4196 τὸ
1313 4145 1381 4194 τῶν
1397 4145 1541 4214 laesione

360 4215 569 4282 δυοδίχιται
596 4219 681 4288 αἷμα
707 4221 813 4278 τόποι
837 4223 880 4296 (ci.
899 4225 1010 4282 Suidam
1027 4231 1056 4282 et
1073 4228 1118 4283 Iit.
1137 4229 1229 4300 Magn.
1247 4246 1269 4284 s.
1288 4229 1324 4297 v.)
1347 4234 1390 4284 et:
1415 4226 1504 4296 σφαγή
1522 4225 1538 4278 δ

360 4300 429 4356 κατὰ
445 4301 497 4370 τὴν
509 4301 667 4361 κατακλεῖδα
683 4304 775 4364 τόποι.
804 4310 865 4366 Vox
876 4311 1016 4372 ίντίμνιιν
1028 4312 1137 4382 saepius
1148 4315 1184 4369 ad
1200 4313 1300 4381 σφάγια
1318 4315 1406 4370 reluta
1423 4314 1540 4370 occurrii

361 4389 454 4446 eodom
478 4406 559 4447 seusu
583 4392 721 4462 adhibits3
749 4395 813 4450 ride
840 4412 909 4464 quae
932 4396 1141 4468 stengelius
1165 4400 1293 4470 exposuit
1315 4400 1345 4456 in
1369 4399 1541 4468 ephemeride
