3508 5068
552 1503 765 1600 CAPUT
796 1503 1070 1600 PRIMUM

803 1706 835 1770 A

506 1839 782 1906 TESTIMONIA
804 1839 937 1906 RITUS
960 1839 1127 1906 GRAECI
1368 1772 1477 2010 lats(

314 2008 555 2090 Aeschylus
577 2009 681 2074 Prom.
702 2009 766 2075 495
779 2027 867 2089 seqq.
890 2009 946 2075 K:

1496 2011 1510 2060 λ

95 2070 120 2225 λ
146 2186 148 2197 ,
379 2125 630 2208 Σπλάμχνων
650 2148 693 2190 τε
714 2125 928 2211 λειότητα,
952 2127 1021 2190 καλ
1043 2129 1189 2211 χροιάν
1210 2130 1304 2192 τίνα
1391 2037 1493 2246 W

119 2230 121 2249 '
379 2224 479 2308 ἔχοντ’
501 2227 539 2291 δν
561 2225 609 2313 ε’ίη
632 2226 836 2310 δαίμοσιν
857 2220 962 2313 πρὸς
983 2228 1146 2316 ἡδονήν,

378 2329 503 2416 χολῆς
531 2329 658 2414 λοβοῦ
685 2353 726 2395 τε
747 2330 947 2417 ποικίλην
969 2331 1207 2418 εὐμορφίαν

380 2484 386 2498 .
410 2480 417 2494 .
442 2480 449 2493 .
473 2431 705 2531 δυστέκμαρτον
726 2429 774 2510 είς
794 2437 904 2520 τέχνην

378 2533 506 2598 ὥδωσα.

310 2672 445 2738 SchoI
467 2691 531 2738 rec.
547 2676 636 2739 adv.
651 2673 715 2738 484
730 2673 813 2737 extr
837 2672 885 2736 ed.
905 2669 991 2736 Guil
1014 2669 1214 2738 Dindorf:
1236 2669 1405 2750 Σχίζοντες
1449 2641 1579 2747 ζνίῖ

223 2773 284 2860 γὰρ
301 2777 402 2856 μέσον
420 2772 461 2836 τὰ
479 2772 579 2858 ίερεῖα
594 2770 781 2854 έβλεπον
750 2793 805 2856 την
818 2773 913 2836 θέσιν
926 2781 991 2834 τῶν
1005 2770 1184 2836 ἐντοσθίων
1203 2773 1334 2836 πάντων
1347 2772 1459 2836 καί
1495 2707 1640 2928 ῥύῃ

225 2870 417 2941 ίκτούτοο’
402 2877 531 3000 ετεκμμί
532 2897 622 2960 ροντο
637 2898 677 2937 τα
661 2872 846 2956 μέλλοντα
859 2876 1019 2956 γενέσθαι.
1050 2873 1111 2957 δμο
1113 2877 1172 2950 ίως
1193 2873 1299 2939 δὲκαὶ
1321 2873 1402 2940 ἀπὸ
1441 2814 1460 3052 l
1577 2855 1585 2904 ί

223 2976 450 3062 τηςχολης,
482 2975 574 3062 ἥτις
596 2971 857 3062 κβληθεισα
877 2977 944 3040 καί
970 2974 1273 3061 δνατιναμεισα
1297 2977 1403 3063 πρὸς

230 3079 273 3144 τὸ
291 3090 369 3144 τῶν
390 3077 605 3161 πολεμίων
625 3083 753 3163 μέρος
773 3073 897 3163 ἧτταν
918 3081 1072 3144 τουτων
1095 3075 1325 3167 ἐσήμαινεν.

308 3217 457 3283 Herod,
480 3217 529 3283 VI
551 3217 608 3283 82:
634 3213 742 3295 Ἔλεξε
757 3208 833 3280 δ’ὦν
854 3217 996 3300 φάμενος
1016 3214 1047 3301 (δ
1068 3216 1268 3304 Κλεομένης),
1295 3216 1401 3282 ἐπείτε

223 3317 398 3400 δὴτδτοῦ
418 3317 524 3403 ’λρμοο
547 3317 615 3403 ίρδν
629 3313 703 3392 είλε,
726 3316 846 3382 δοκέειν
869 3308 901 3382 οἱ
922 3317 1147 3404 ἐξεληλυθέναι
1168 3318 1223 3384 τὸν
1243 3330 1300 3384 τοῦ
1321 3322 1402 3385 θεοῦ

221 3420 376 3506 χρησμόν·
397 3420 482 3506 πρὸς
503 3414 547 3484 ὦν
568 3431 666 3484 ταῦτα
689 3421 733 3484 οδ
756 3418 950 3485 δικαιοῦν
971 3432 1123 3508 πειρᾶν
1143 3430 1212 3507 τῆς
1231 3420 1399 3498 πόλιος,

220 3525 313 3607 πρίν
334 3543 377 3606 με
399 3521 444 3607 δὴ
466 3520 599 3609 ίροῖσι
622 3524 823 3610 χρήσηται
845 3523 913 3586 καλ
935 3524 1049 3607 μάθη
1080 3521 1164 3586 ε’ίτε
1194 3519 1233 3586 οί
1263 3521 1401 3600 δθεδς

220 3622 461 3710 παραδιδοῖ
481 3622 617 3690 ε’ίτεοί
639 3621 833 3706 έμποδὼν
854 3621 1007 3710 ἕστηκε.
1023 3623 1334 3711 καλλιρεομένφ
1358 3623 1401 3689 δὲ

220 3724 255 3790 ἐν
273 3736 320 3811 τῷ
340 3727 456 3813 Ἡραίῳ
478 3725 544 3790 κτλ.

304 3863 455 3931 Herod.
478 3863 544 3930 VII
567 3863 648 3929 134:
681 3869 802 3926 Τοῖσι
824 3863 1113 3948 Σπαρτιήτῃσι
1145 3863 1399 3951 καλλιρησαι

204 3967 477 4046 ,θυομένοισι
505 3964 577 4028 οὐκ
599 3959 783 4029 ἐδύνατο.

192 4142 199 4158 =
304 4101 456 4168 Herod.
480 4099 532 4166 IX
548 4082 604 4166 19':
626 4098 680 4165 Ἕκ
701 4098 739 4185 δὴ
761 4093 806 4163 ὧν
827 4109 885 4163 τοῦ
906 4099 1036 4181 Ἰσθμοῦ
1057 4100 1398 4187 καλλιρησάντων

219 4201 232 4267 ί
238 4213 317 4290 ρῶν
338 4201 592 4287 ἐπορεύοντο
613 4203 766 4278 πάντες
780 4201 825 4287 (ol
838 4202 1102 4288 Πελοποννήσιοι)
1120 4202 1176 4267 καὶ
1190 4202 1397 4269 ἀπικνέονται

218 4303 252 4382 ἐς
272 4305 443 4372 Ἐλευσῖνα.
465 4306 719 4389 ποιήσαντες
745 4302 879 4369 δὲκαὶ
901 4303 1085 4370 ἐνθαῦτα
1118 4303 1203 4391 ίρά,
1239 4307 1291 4384 δίς
1319 4327 1396 4392 σφι

218 4407 481 4493 έκαλλιρέετο
503 4406 647 4492 πρίσω
670 4402 934 4492 ἐπορεύοντο.
1192 4507 1242 4560 22*
