3508 5068
255 362 311 452 39]
658 365 699 417 De
717 362 859 432 extispicio
877 363 969 432 capita
986 364 1042 418 tria
1370 366 1435 433 209

253 555 318 599 csse
346 533 424 618 deos,
445 554 517 616 erpo
538 553 613 598 scae
637 553 700 598 essa
724 533 981 619 divinationem,¹)
1024 535 1138 616 Neque
1167 540 1277 604 autem
1299 555 1434 619 persua-

253 639 334 704 dere
356 637 422 704 sibi
453 640 610 718 poterant
638 636 741 704 Stoici
770 637 806 703 id
828 637 914 718 quod
943 636 1062 719 vulgus
1090 656 1149 718 pro
1179 657 1257 704 vero
1290 641 1435 707 habebat

254 741 351 806 deum
376 739 483 820 ipsum
516 739 679 822 singulari
708 757 835 820 quoque
865 738 1022 820 temporis
1051 745 1211 807 momento
1241 740 1371 808 efficere
1400 742 1435 808 in

253 841 361 908 iecore
391 841 497 925 sigua.
541 841 634 924 erod
656 840 790 925 Seneca,
820 842 877 922 qui
900 841 1082 908 Stoicorum
1109 841 1334 925 philosophiae
1360 849 1436 910 erat

255 944 397 1027 deditus,
418 943 472 1009 his
488 944 668 1026 denegavit
682 944 848 1028 verbiszi)
869 945 965 1008 nimis
984 944 1075 1008 iilam
1098 947 1153 1026 (sc.
1176 945 1282 1028 decem
1304 947 1434 1010 otiosum

252 1051 283 1110 et
299 1047 438 1128 pusillae
450 1047 498 1109 rei
512 1048 691 1110 ministram
710 1046 802 1128 facis,
824 1047 942 1111 stadiis
960 1048 1090 1125 somnae,
1112 1048 1186 1112 alias
1205 1053 1276 1112 atta
1290 1048 1434 1130 despondi.

253 1149 340 1214 Item
354 1148 479 1232 Cicero,
493 1148 575 1215 licet
586 1150 628 1215 ab
644 1149 908 1216 adversariorum
919 1149 1054 1216 steterit
1065 1150 1223 1234 partibus,
1239 1154 1386 1217 testatur
1396 1151 1433 1237 8);

252 1269 317 1314 noa
343 1251 462 1332 placere
489 1250 600 1316 Stoc'cis
630 1252 765 1334 mapalis
797 1253 931 1316 iecorum
961 1252 1045 1333 fissis
1073 1257 1128 1316 aut
1157 1255 1261 1316 ardum
1294 1253 1434 1318 coabbas
1521 1265 1524 1280 ‘

251 1355 396 1418 interesse
424 1353 523 1419 deam
553 1374 651 1435 aeque
679 1357 760 1418 caim
790 1353 933 1418 decorem
955 1373 1026 1439 asse,
1054 1375 1110 1419 aec
1138 1354 1189 1419 das
1208 1354 1349 1437 dquam,
1378 1376 1433 1420 nec

249 1456 321 1536 fieri
340 1457 404 1521 cilo
423 1461 515 1537 pacto
530 1476 628 1538 posse.
675 1457 842 1539 Attamen,
865 1462 903 1523 ut
925 1476 1025 1539 supra
1047 1457 1199 1542 vidimus,
1222 1477 1287 1525 non
1304 1458 1432 1525 omnino

253 1576 517 1639 supervacaneos
547 1558 651 1626 Stoici
678 1561 864 1627 reddebant
894 1559 1009 1645 deos.⁴)
1056 1561 1199 1642 Quorum
1229 1561 1433 1628 voluntatem

251 1666 288 1726 ut
317 1680 389 1728 cum
419 1661 632 1743 haruspicina
661 1662 902 1744 consociarent,
931 1662 1015 1726 haec
1044 1661 1108 1728 sibi
1130 1661 1315 1743 fingebant:
1344 1663 1432 1726 itaa

245 1765 405 1846 principio
436 1763 613 1828 inchoatum
642 1782 704 1826 esse
736 1762 896 1845 menradum,
928 1767 964 1826 ut
996 1765 1085 1827 certis
1113 1763 1205 1827 rebus
1231 1768 1313 1827 ceria
1340 1765 1433 1846 Quo

246 1869 486 1947 praecurrerent
515 1867 581 1930 alab
600 1867 643 1960 lm
664 1867 750 1943 catos,
780 1866 847 1929 aliu
866 1867 903 1929 ia
924 1865 1039 1944 ambus,
1069 1867 1135 1930 alia
1156 1867 1191 1929 in
1210 1865 1431 1952 summumst)

250 1971 319 2050 aut,
340 1972 379 2033 ut
402 1968 528 2033 Seneca
550 1986 619 2033 rem
642 1968 849 2050 explanavit:
861 1968 886 2053 ⁰)
917 1969 1058 2051 fatorum
1073 1970 1168 2033 serras
1187 1967 1307 2033 iudicia
1325 1970 1434 2050 fatena

249 2069 363 2150 abique
373 2071 555 2151 praamdbt.
593 2070 789 2137 Posidonius
804 2070 964 2152 imprimis
979 2090 1000 2136 a
1014 2090 1124 2138 rerum
1140 2071 1282 2138 omnium
1296 2076 1430 2138 natura·

249 2171 329 2237 lium
360 2191 521 2239 consensu
551 2178 776 2254 concentuque
800 2172 968 2256 profectus
996 2174 1108 2240 docuit
1136 2176 1172 2238 ia
1202 2179 1319 2238 actara
1339 2175 1432 2256 apuu

248 2274 400 2355 quaedam
423 2294 485 2339 asse
506 2294 611 2339 reram
631 2276 857 2361 saturareris)
902 2277 1004 2359 Nova,
1035 2295 1120 2358 quae
1150 2276 1269 2343 exinde
1291 2276 1431 2360 exstitit,

249 2376 431 2444 difficultas
460 2377 615 2446 minorem
647 2397 719 2445 esse
748 2378 915 2464 signorum
938 2397 1115 2462 numerum,
1143 2398 1240 2459 quam
1261 2383 1300 2444 ut
1321 2378 1431 2444 omnia

248 2482 612 2566 praemonerentur,.his
622 2482 861 2565 profligabatur
871 2481 1001 2548 verbis:
1008 2480 1431 2562 permultoessea'pacoodis

248 2581 371 2664 quidem
385 2583 530 2669 ipaotc.⁸)
554 2584 641 2651 Sane
663 2603 728 2650 nou
743 2584 986 2665 cognoscebant
1012 2584 1067 2649 vel
1082 2601 1259 2664 agnoscere
1274 2583 1431 2649 nolebant

248 2684 351 2752 Stoici
379 2687 441 2753 hac
464 2685 752 2768 argumentatione
774 2705 795 2750 a
814 2704 850 2751 se
872 2684 954 2766 ipsis
976 2686 1053 2750 deos
1075 2689 1176 2751 antea
1198 2684 1349 2751 defensos
1370 2684 1429 2750 im·

18 2870 26 2880 .
135 2785 136 2788 ’
247 2787 428 2869 pugnaris)
472 2788 537 2854 Sed
560 2789 589 2854 si
611 2788 666 2856 vel
688 2787 723 2853 id
745 2788 994 2871 concedebatur,
1016 2788 1167 2853 restabat
1189 2785 1344 2870 quaestio,
1366 2804 1429 2868 quo

248 2888 386 2970 quisque
408 2891 501 2954 modo
521 2889 700 2972 indagaret
724 2889 819 2972 signa
841 2889 906 2955 sibi
928 2889 994 2971 ipsi
1016 2889 1087 2956 sive
1103 2889 1305 2956 naturalium
1320 2907 1429 2955 rerum

250 2995 411 3057 concentu
433 2991 506 3058 sive
528 2993 660 3058 deorum
682 2993 855 3058 voluntate
878 2992 1056 3059 destinata.
1093 2994 1203 3074 Atque
1226 2992 1429 3076 Chrysippus

253 3093 435 3175 Antipater
464 3093 659 3160 Posidonius
689 3096 849 3162 docebant
877 3094 919 3158 ad
947 3095 1077 3160 iamiam
1105 3095 1300 3177 deligendam
1323 3095 1429 3159 amaa

247 3216 311 3262 esse
338 3198 399 3261 uim
429 3196 587 3281 quondum
615 3200 791 3262 sacietatem
821 3203 912 3280 atque
940 3198 1088 3277 dianam,
1118 3219 1197 3280 qaae
1218 3203 1277 3263 toto
1299 3199 1429 3279 confuse

248 3300 363 3364 arcade
382 3301 512 3387 osseam)
536 3300 662 3386 Quibus
679 3302 844 3368 Ciceronis
860 3301 973 3368 verbis
989 3300 1115 3368 Seneca
1130 3319 1257 3382 quoque
1273 3299 1429 3366 assentiri

247 3403 388 3486 videtur,
418 3423 490 3470 cum
513 3403 691 3488 pugnat¹¹l
715 3409 832 3470 contra
861 3403 952 3486 alios,
982 3403 1039 3484 qui
1062 3402 1126 3468 sibi
1149 3403 1324 3468 solvebant
1344 3402 1429 3467 hanc

248 3506 476 3586 quaestionem
491 3506 704 3591 docentes:‚¹²)
719 3525 789 3569 cam
803 3506 965 3569 immolare
979 3506 1143 3586 quisquam
1157 3503 1251 3581 veliet,
1275 3508 1340 3566 tum
1357 3502 1429 3583 fiori

247 3612 386 3672 mmmm
409 3610 616 3693 mutmionem,
639 3613 675 3672 ct
695 3612 751 3672 aut
766 3608 879 3672 adacei
899 3606 1021 3688 aliquid
1038 3611 1094 3670 aad
1107 3610 1281 3689 aporema,
1301 3605 1427 3670 ᾶεονιιηι

247 3711 330 3774 euim
350 3713 476 3775 numini
496 3731 610 3794 parere
638 3712 751 3776 omnic.
795 3710 867 3776 Non
893 3711 1029 3776 eandem
1059 3708 1163 3792 igitur
1185 3707 1289 3775 Stoici
1317 3726 1427 3775 omues

248 3811 356 3878 secuti
370 3817 446 3878 sunt
467 3813 503 3878 in
518 3815 581 3879 hac
595 3833 633 3880 re
649 3812 861 3895 explananda
875 3812 1045 3879 rationem.
1082 3810 1169 3896 Quin
1186 3809 1285 3878 etiam
1299 3812 1427 3878 Panae·

331 3999 352 4066 ²)
371 3998 425 4053 Cic.
444 3999 477 4053 de
495 3998 550 4054 div.
568 3999 643 4053 182.
732 3999 754 4068 ¹)
773 3998 1064 4066 Quaest.nat.1132.
1165 3998 1185 4067 ³)
1202 3999 1244 4053 De
1262 3997 1316 4052 div.
1334 3998 1349 4051 I
1367 3997 1426 4052 118.

332 4083 354 4152 ⁴)
371 4083 432 4139 Seu.
449 4084 469 4140 l.
485 4083 503 4138 l.
605 4084 775 4154 ⁵)cic.1.l.
879 4084 901 4152 ⁶)
918 4084 979 4139 Seu.
995 4083 1013 4140 l.
1030 4084 1049 4138 1.

334 4170 353 4240 ⁷)
372 4170 412 4225 cf.
431 4170 460 4226 O.
479 4170 712 4227 Wachsmuth.
730 4173 748 4226 1.
765 4171 783 4225 l.
801 4188 829 4240 p.
846 4171 888 4225 27.
985 4169 1006 4238 ⁸)
1024 4168 1260 4225 Wachsmuth.
1283 4167 1361 4236 pti.

331 4255 353 4327 ⁹)
370 4247 602 4314 Wachsmuth.
624 4257 702 4326 p.29.
810 4255 841 4325 l⁰)
859 4256 913 4311 ilic.
931 4256 965 4310 de
983 4254 1038 4310 div.
1056 4255 1086 4309 11
1103 4255 1144 4308 35.

334 4343 366 4413 ¹¹)
385 4343 495 4412 Quaest.
512 4347 571 4397 nat.
590 4343 676 4397 1132.
775 4341 808 4405 ¹²)
827 4341 882 4397 Cic.
902 4341 922 4396 l.
939 4342 958 4395 l.
