3506 5226
224 407 278 494 67]
620 407 661 460 De
679 404 820 472 extispicio
838 404 929 472 capita
947 405 1001 458 tria
1341 406 1404 472 237

225 597 297 644 cum
313 576 433 644 Graeci
457 576 522 642 iam
539 575 685 657 antiquis
700 574 901 656 temporibus
918 575 1056 641 colorem
1073 593 1200 656 quoque
1216 575 1407 644 observasse

224 679 441 763 videantur.1)

310 780 520 863 Inspectione
542 783 692 845 extorum
715 779 804 846 facta
826 778 1072 845 accuratissime
1102 785 1344 861 praeparantur
1373 786 1407 846 et

225 885 387 952 aulicocta
409 886 593 949 redduntur
615 881 732 966 extal)
776 881 834 947 Sin
866 887 977 946 autem
999 881 1107 962 prima
1128 881 1163 946 in
1192 881 1301 948 hostia
1333 901 1406 949 con·
1487 943 1490 974 3

224 987 330 1054 traria
353 990 578 1069 apparuerant
592 989 679 1066 exta,
701 988 736 1049 et
758 983 879 1050 Graeci
895 989 928 1050 et
943 984 1091 1067 Romani,
1114 989 1153 1049 ut
1170 1003 1188 1049 e
1207 985 1406 1050 testimoniis

225 1091 356 1156 elucere
378 1089 521 1171 videtur,
544 1086 692 1168 alteram,
722 1090 756 1151 et
778 1085 807 1151 si
830 1105 870 1152 ea
894 1104 1021 1168 quoque
1044 1088 1242 1170 denegabat,
1271 1087 1406 1153 tertiam

225 1191 394 1257 immolare
417 1193 634 1255 assueverant
656 1187 791 1254 hostias.
836 1189 1028 1270 'derigitur
1058 1191 1146 1269 apud
1168 1193 1343 1270 utrumque
1365 1192 1407 1255 de

227 1295 341 1360 eadem
357 1312 394 1358 re
409 1298 488 1358 exta
502 1291 806 1372 interrogabantur.
850 1290 887 1355 Si
902 1294 956 1356 ter
971 1292 1170 1374 abnuebant,
1193 1292 1315 1358 Graeci
1336 1311 1406 1358 rem

227 1395 415 1476 mittebant,
444 1393 584 1460 Romani
613 1392 791 1459 maioribus
821 1393 939 1459 hostiis
969 1394 1088 1458 bonum
1118 1412 1212 1458 omen
1243 1393 1339 1474 quasi
1371 1395 1406 1459 vi

227 1516 344 1578 cogere
365 1495 606 1581 conabantur.³)

311 1597 491 1680 Extispicii
512 1598 599 1663 ritus
630 1600 670 1662 de
692 1615 754 1676 quo
787 1596 853 1661 iam
883 1597 967 1662 satis
997 1597 1147 1679 diximus,
1174 1599 1262 1664 haud
1293 1599 1406 1679 paucis

224 1701 409 1767 simulacris
426 1701 533 1766 adhuc
548 1698 692 1766 servatis
708 1703 787 1762 ante
803 1698 912 1763 oculos
933 1698 1029 1764 nobis
1045 1699 1215 1782 poniturf)
1261 1699 1354 1781 Quae
1376 1701 1406 1765 si

183 1843 186 1850 ·
223 1801 542 1885 perlustraremus,
572 1801 607 1865 in
636 1805 705 1866 tres
728 1799 858 1866 ordines
887 1801 1043 1867 videntur
1075 1818 1147 1867 esse
1178 1801 1405 1883 disponendae.

224 1907 274 1970 Ac
296 1904 400 1986 primo
423 1905 492 1968 loco
514 1902 548 1967 in
565 1907 771 1984 conspectum
786 1902 881 1970 nobis
897 1904 997 1969 datur
1012 1907 1161 1969 extorum
1176 1904 1249 1985 ipsa
1271 1905 1405 1986 ereptio,

224 2007 365 2072 fortasse
387 2024 451 2070 non
475 2003 574 2070 aliam
596 2005 637 2070 ob
659 2023 800 2088 causam,
823 2007 883 2070 sed
904 2005 1057 2086 quiahoc
1079 2006 1186 2087 ipsum
1210 2011 1405 2072 momentum

225 2108 406 2174 artificibus
435 2110 513 2172 ante
539 2107 647 2172 omnia
676 2112 788 2188 aptum
826 2111 912 2188 quod
943 2108 1183 2188 exprimeretur
1211 2109 1316 2177 visum
1346 2115 1405 2176 est.

224 2213 420 2292 Temporum
457 2208 703 2290 opportunitate
735 2212 819 2275 duae
856 2209 953 2276 huius
982 2211 1115 2292 generis
1146 2211 1306 2294 imagines
1334 2231 1406 2294 pcr-

225 2315 427 2379 duraverunt
452 2329 562 2376 annos.
617 2312 762 2394 Quarum
793 2313 902 2378 altera
930 2312 965 2377 in
993 2313 1098 2379 calice
1121 2312 1285 2394 Capuensi
1314 2315 1406 2380 rubri

223 2414 339 2482 coluris
356 2414 454 2479 hodie
469 2412 610 2479 Parisiis
628 2419 762 2480 servato
778 2415 954 2480 artificiose
971 2415 1102 2493 depicta
1117 2416 1258 2496 praebet
1269 2415 1405 2481 arietem

223 2517 373 2598 supinum
388 2517 424 2582 in
438 2535 553 2582 mensa
567 2515 717 2598 positum.
740 2516 802 2580 Vir
817 2516 987 2598 barbatus,
1010 2515 1067 2595 qui
1093 2534 1234 2597 superne
1248 2520 1405 2596 usquead

224 2620 391 2702 cingulum
412 2621 534 2684 nudum
556 2618 658 2682 habet
681 2635 806 2700 corpus
829 2635 870 2682 ex
894 2616 1010 2681 arietis
1026 2621 1142 2684 ventre
1166 2621 1281 2698 apertu
1304 2617 1405 2699 eripit

223 2726 309 2786 exta.
353 2720 454 2787 (iuius
476 2720 626 2786 minister
641 2718 917 2801 adulescentulus,
940 2717 996 2799 qui
1014 2720 1125 2785 eodem
1147 2721 1240 2785 modo
1261 2719 1404 2786 uestitus

223 2829 283 2906 est,
307 2823 421 2888 arietis
443 2825 543 2904 pedes
565 2821 762 2905 posteriores
785 2823 828 2886 ad
843 2839 879 2886 se
901 2821 1015 2886 trahit.
1059 2820 1166 2902 Caput
1182 2821 1404 2888 adulescentis

223 2924 338 2991 taenia
360 2929 509 2990 ornatum
532 2924 689 3007 videmus,
712 2941 783 2989 cum
805 2924 966 2989 barbatus
988 2923 1045 2989 ille
1076 2929 1177 3006 caput
1199 2925 1405 2994 coronaverit

223 3027 348 3094 laurea.
391 3026 536 3093 Etiamsi
558 3027 647 3092 haud
667 3025 763 3091 nimis
793 3026 882 3092 clare
905 3027 947 3091 ab
970 3025 1096 3092 artifice
1119 3045 1309 3109 expressum
1343 3033 1404 3112 est,

223 3132 334 3197 utrum
355 3147 475 3194 revera
490 3130 533 3194 ad
548 3127 758 3210 extispicium
773 3126 950 3193 referenda
970 3127 1016 3193 sit
1031 3127 1091 3194 illa
1106 3134 1255 3195 extorum
1278 3130 1403 3212 ereptio

223 3249 335 3314 necne,
357 3234 554 3296 tamennon
583 3229 681 3296 facile
704 3230 876 3311 quisquam
907 3230 1000 3296 nobis
1031 3229 1162 3311 quidem
1191 3233 1404 3312 persuadebit

222 3437 252 3493 in
269 3438 350 3492 rebus
367 3441 426 3490 tam
444 3435 584 3505 gravibus,
602 3442 635 3490 ut
652 3440 730 3489 erant
747 3434 892 3502 sacrificia,
916 3433 995 3488 varia
1018 3435 1108 3487 omina
1127 3439 1155 3487 ct
1173 3434 1299 3502 prodigia
1315 3435 1404 3490 obser·

222 3528 289 3576 vata
306 3538 365 3576 esse
382 3527 493 3590 praeter
505 3528 577 3575 exta.
612 3521 730 3586 Quorum
742 3520 771 3574 in
782 3535 933 3589 numerum,
951 3518 981 3573 ni
992 3519 1082 3573 omnia
1094 3534 1142 3573 nos
1154 3518 1262 3587 fallunt,
1280 3519 1404 3575 habenda

222 3612 295 3676 sunt,
319 3623 390 3675 quae
407 3607 485 3661 modo
510 3605 636 3661 diximus.
677 3605 747 3658 Nam
771 3605 848 3660 tabes
866 3604 960 3658 iecoris
987 3603 1016 3657 in
1040 3603 1111 3658 extis
1134 3604 1307 3673 cognoscitur
1329 3604 1403 3659 haud

222 3691 397 3760 priusquam
416 3697 492 3746 cocta
509 3691 574 3746 siut.
609 3691 704 3758 Neque
720 3690 810 3760 igitur
826 3689 886 3744 iure
909 3689 1045 3743 referatur
1064 3688 1204 3757 adipsum
1223 3688 1403 3758 extispicium.

222 3776 369 3846 sanguinis
387 3781 480 3832 autem
499 3775 642 3831 effluvium
660 3780 769 3844 praeter
789 3774 819 3828 in
837 3775 953 3828 Senecae
977 3778 1007 3828 et
1023 3774 1128 3828 Lucani
1151 3774 1315 3830 testimoniis
1338 3776 1403 3831 arti·

221 3861 319 3916 ficiosis
338 3863 373 3930 (v.
386 3877 469 3929 supra
487 3877 513 3929 p.
527 3860 559 3913 17
569 3860 634 3929 seq.)
653 3876 707 3914 uno
724 3865 834 3915 tentum
852 3860 908 3914 loco
926 3859 1017 3926 ibique
1035 3858 1108 3914 inter
1126 3859 1217 3914 omina
1229 3868 1404 3916 enumeratur

221 3946 301 4014 (Plin.
320 3946 423 4015 Paneg.
442 3946 516 4000 Trai.
535 3946 571 4015 5).
607 3945 682 4015 Ergo
700 3945 911 4014 disiungendum
929 3950 972 3998 est
989 3943 1063 3998 inter
1080 3944 1151 3999 hauc
1163 3945 1297 4000 rationem
1315 3946 1403 4000 obser·

222 4031 306 4086 vandi
323 4036 352 4085 et
364 4031 528 4087 Graecorum
547 4028 645 4101 σφάγια
663 4033 692 4085 in
710 4031 809 4098 quibus
821 4047 836 4084 e
849 4029 984 4098 sanguine
1002 4029 1127 4085 effluenti
1138 4046 1297 4099 cognoscere
1308 4031 1403 4086 futura

220 4117 302 4170 moris
322 4122 396 4172 erat:
415 4117 478 4172 vide
497 4133 579 4185 supra
597 4133 622 4185 p.
641 4116 658 4170 ὅ
676 4117 768 4170 adnot.
788 4113 810 4169 1.

309 4200 329 4269 ¹)
348 4201 444 4257 Aesch.
462 4202 551 4256 Prom.
570 4201 628 4256 493.
732 4201 754 4268 ²)
773 4199 813 4254 Of.
831 4199 1002 4255 Wissowa
1019 4201 1037 4255 1.
1054 4201 1072 4254 l.
1094 4217 1120 4270 p.
1139 4199 1198 4254 353.

308 4284 329 4356 ⁸)
347 4286 417 4340 Xen.
436 4286 522 4341 Anab.
541 4286 581 4341 VI
599 4285 624 4355 4,
644 4286 690 4356 14,
715 4287 756 4342 VI
779 4286 804 4354 4,
828 4285 875 4354 19,
900 4285 1007 4340 Hellen.
1030 4286 1116 4354 1113,
1135 4286 1165 4354 4;
1190 4283 1250 4338 Liv.
1277 4284 1342 4339 XLI
1360 4285 1401 4339 15.

220 4371 290 4426 Vide
308 4387 391 4440 supra
408 4388 433 4440 p.
452 4371 494 4424 53.
633 4372 654 4439 ⁴)
673 4372 706 4427 V.
724 4369 833 4426 tabulas
851 4369 880 4424 in
898 4370 952 4425 fine
970 4371 1050 4425 huius
1069 4369 1268 4425 dissertationis
1285 4369 1402 4424 additas.

1193 4453 1241 4507 16⁴¹
