3508 5068
225 371 281 460 43]
624 373 665 426 De
685 371 827 439 extispicio
846 370 938 440 capita
955 372 1009 426 tria
1344 375 1408 440 213

225 543 296 608 iere
325 542 528 623 temporibus
558 539 729 606 Plinius
760 540 892 606 mcior
916 545 1021 606 natu
1049 545 1194 609 testatur
1216 545 1300 607 circa
1331 546 1406 608 acti-

222 646 355 727 spc'ciom
385 663 531 726 ικοριιοικ
553 643 732 707 mortalium
751 644 923 724 potionem
951 642 1110 728 abacos)
1155 645 1204 710 Ac
1233 645 1406 712 Plinius

224 748 330 814 minor
351 748 393 813 ab
416 745 608 828 aequalibus
637 745 714 811 huic
740 745 939 812 divinationi
968 764 1126 812 summum
1152 747 1314 813 tributum
1336 767 1408 815 esse

225 854 383 916 memorat
404 848 639 933 nomentum.)
673 847 811 914 Galba
840 848 1077 929 imperator
1099 850 1213 915 eadem
1236 849 1408 917 divinandi

224 952 353 1019 ratione
393 970 472 1018 usus
510 957 569 1034 est„
605 951 641 1016 id
674 952 758 1032 qnod
798 950 975 1018 Suetonius
1012 951 1186 1018 memoriae
1230 952 1407 1038 tradidit,⁸)

224 1057 338 1121 eadem
367 1054 700 1139 Vespasianus)
736 1059 777 1119 et
807 1052 969 1140 nicosa)
1020 1054 1167 1120 Taciti
1200 1058 1240 1122 de
1272 1057 1335 1122 hac
1370 1075 1408 1122 re

224 1158 381 1224 iudicium
416 1157 523 1223 elucet
561 1176 579 1223 e
616 1157 726 1224 verbis
762 1157 820 1220 bus
855 1156 999 1239 σιτέομαι
1031 1162 1060 1221 et
1102 1160 1207 1222 actim
1252 1164 1408 1240 exceperat

222 1261 315 1340 fumo
336 1265 364 1324 ct
384 1265 458 1324 tone
479 1260 634 1341 epeaeoct
656 1258 712 1344 (sc.
734 1259 921 1345 casceca)
965 1260 1108 1328 Maxime
1130 1266 1241 1328 autem
1264 1262 1407 1328 delecta·

225 1381 298 1428 mur
320 1381 360 1428 ea
381 1362 517 1446 ratione,
548 1381 614 1444 qua
646 1363 839 1446 Phlegon
872 1363 1142 1448 Trallianus,
1165 1369 1203 1430 ut
1234 1364 1301 1431 alia
1324 1364 1407 1433 divi·

203 1465 368 1532 'nationis
393 1484 526 1550 genera,
549 1466 599 1531 ita
628 1465 836 1548 extispicium
860 1485 987 1548 qnoque
1011 1467 1177 1533 connectit
1210 1486 1282 1534 cum
1312 1467 1406 1535 iabu-

218 1569 293 1634 'losa
323 1567 450 1651 Sibylla
486 1568 636 1651 fatidica,
671 1571 710 1634 de
745 1587 810 1648 qua
843 1569 946 1636 verba
977 1568 1060 1634 facit
1093 1569 1224 1654 haec⁷):
1253 1568 1308 1632 διὰ
1335 1571 1406 1633 τού-

222 1691 278 1734 του
298 1681 355 1734 τοῦ
386 1681 530 1755 χρησμοῦ
550 1670 659 1754 (quem
681 1675 781 1735 antea
811 1670 1044 1755 exscripserat)
1074 1668 1301 1734 ἀποδείκνυται
1329 1670 1407 1735 δέκα

222 1772 331 1854 γενεὰς
359 1771 453 1856 αὐτὴν
475 1771 544 1835 κατ’
566 1769 761 1855 ἀνθρώπους
777 1773 945 1852 γεγονέναι,
975 1771 1029 1834 καὶ
1055 1772 1136 1853 μετὰ
1164 1771 1218 1856 τὴν
1244 1771 1406 1858 ἀναχώρη-

223 1894 274 1938 σιν
302 1875 355 1956 τὴν
384 1869 421 1936 ἐκ
448 1884 505 1936 τοῦ
527 1872 591 1958 ζῆν,
621 1881 676 1958 της
703 1873 761 1955 μὲν
789 1881 896 1958 ψυχῆς
924 1873 1005 1937 κατὰ
1033 1872 1088 1938 τὸν
1117 1872 1197 1959 ἀέρα
1219 1879 1405 1962 φερομένης,

225 1977 279 2040 καὶ
302 1977 572 2062 προσπιπτούσης
592 1984 662 2051 τοῖς
683 1971 749 2040 ὑπὸ
767 1986 831 2040 τῶν
854 1974 1038 2061 ἀνθρώπιον
1059 1975 1276 2061 λαλουμένοις,
1298 1998 1406 2063 παρα-

225 2079 391 2142 σκευάσειν
422 2078 480 2154 τὰς
507 2082 676 2161 γενομένας
696 2077 852 2163 κληδόνας
884 2078 939 2143 διὰ
966 2069 1029 2143 τῶν
1056 2078 1167 2166 λόγων,
1193 2091 1251 2145 τοῦ
1284 2078 1319 2144 δὲ
1342 2084 1405 2145 σώ-

223 2202 325 2262 ματος
365 2179 493 2266 ἆτ’άφου
532 2184 702 2264 γενομένου
729 2180 770 2244 τὰ
796 2179 856 2264 μὲν
878 2179 972 2269 ὄρνεα
1000 2192 1064 2246 τῶν
1093 2195 1220 2268 σαρκῶν
1250 2183 1404 2269 φαγόντα,

223 2283 276 2368 τὴν
291 2281 346 2349 διὰ
356 2293 410 2370 τῆς
421 2281 674 2369 ὃρνιάοσκοπίας
689 2287 842 2367 μαντείαν
853 2283 1083 2371 διασημαίνειν,
1104 2285 1208 2351 τοῦδέ
1222 2285 1405 2352 ὖποίοίπου

224 2389 338 2473 μέρους
367 2385 414 2464 εἰς
441 2386 494 2472 τὴν
522 2397 578 2474 γῆν
607 2392 772 2465 σαπέντος,
803 2389 859 2453 καὶ
879 2388 920 2452 τὰ
941 2389 1033 2474 κτήνη
1056 2389 1200 2474 φανέντα
1218 2397 1273 2474 τῆς
1294 2387 1329 2453 ἐκ
1351 2398 1406 2474 τῆς

223 2498 279 2576 γῆς
311 2495 473 2576 φυομένης
501 2491 597 2567 πόας,
630 2489 685 2575 τὴν
715 2489 976 2574 ηπατοσκοπικην
1007 2488 1053 2566 εἰς
1081 2490 1135 2553 τὸν
1163 2493 1235 2572 βίον
1266 2489 1406 2570 εἰσάξειν

223 2595 338 2680 τέχνην.

308 2696 608 2763 Artemidorus
637 2699 771 2776 praeter
797 2700 904 2760 artem
928 2692 1170 2779 ὀνειροκριτικὴν
1193 2693 1405 2776 extispicium

224 2817 352 2879 quoque
366 2816 449 2865 vera
463 2797 652 2879 praedicere
671 2801 784 2862 censet
795 2797 834 2878 ⁸);
856 2796 1067 2878 Apuleius
1086 2797 1405 2880 Madaurensis‚

225 2901 282 2981 qui
305 2899 567 2965 Platonicus
589 2898 703 2966 vocari
726 2900 820 2982 solet,
850 2899 1003 2981 exposuit
1030 2900 1170 2983 singulis
1194 2900 1405 2967 daemonibus

224 3002 370 3068 tributas
403 3019 475 3067 esse
504 3007 613 3067 certas
646 3001 833 3083 provincIas
865 3003 911 3066 cel
942 3003 1071 3068 somnies
1099 3001 1333 3082 conformandis
1359 3003 1405 3068 cel
1466 3063 1475 3067 -

224 3106 303 3168 ecles
321 3103 578 3189 febsicclcaclb.⁹)
623 3105 676 3170 Ad
699 3106 871 3171 daemones
887 3105 973 3172 enim
987 3105 1214 3189 libentissime,
1236 3106 1300 3173 etsi
1315 3107 1405 3172 haud

224 3226 352 3289 semper
360 3205 502 3273 dilucide
511 3205 725 3273 deferebatur
735 3207 839 3280 omnis
848 3207 1066 3292 divinati0.1⁰)
1084 3209 1162 3275 Cum
1171 3208 1312 3291 Apuleio
1322 3208 1403 3274 fecit

224 3310 430 3376 Maximus
451 3309 623 3393 Tyrius,
646 3310 703 3391 qui
726 3329 743 3376 e
766 3310 971 3378 divinatione
993 3312 1126 3378 deorum
1148 3310 1309 3376 conclusit
1331 3328 1404 3376 esse

223 3411 518 3498 providentiam.11)
563 3412 628 3478 Sed
650 3412 686 3477 in
708 3431 769 3478 usu
791 3431 918 3500 quoque
940 3411 1043 3478 fuisse
1056 3411 1265 3492 extispicium
1287 3410 1403 3492 prImIs

223 3536 253 3596 p.
283 3516 356 3581 Chr.
378 3535 408 3580 n.
439 3514 581 3581 saeculis
610 3516 769 3581 habemus
791 3513 1030 3580 testimonIum:
1063 3532 1139 3578 nam
1171 3513 1403 3579 Caracalla

223 3619 459 3697 imperator
482 3619 524 3683 ab
548 3617 636 3683 extis
651 3616 834 3698 desumpsit
855 3616 1010 3700 signa312)
1033 3619 1149 3680 contra
1171 3614 1241 3681 eius
1256 3615 1402 3696 aequalis

311 3820 331 3886 1)
348 3820 382 3874 N.
400 3821 434 3874 H.
452 3822 522 3876 VIII
540 3821 599 3876 102.
704 3821 725 3888 ἱ)
743 3820 831 3889 Epist.
849 3821 879 3874 11
896 3820 937 3889 20,
955 3820 980 3874 l.
1086 3819 1108 3888 ⁸)
1126 3819 1214 3875 Galba
1233 3821 1273 3875 19.

308 3905 331 3975 Δ)
349 3905 413 3959 Tac.
430 3906 495 3960 hiat.
513 3907 542 3961 ΙΙ
560 3906 602 3960 78,
706 3907 728 3976 ⁶)
746 3906 810 3960 Tac.
828 3906 892 3960 hiat.
910 3905 939 3960 ΙΙ
957 3906 982 3959 4.
1086 3904 1109 3974 ⁶)
1128 3905 1191 3960 Tac.
1210 3905 1275 3961 hiat.
1293 3907 1324 3961 II
1342 3905 1384 3960 78.

311 3991 331 4059 ἲ)
349 3991 390 4045 De
407 3991 533 4060 longaex.
550 3991 575 4043 4.
611 3992 652 4045 ot.
670 3992 743 4046 Plut.
762 3992 796 4046 de
814 3990 897 4060 Pyth.
919 4007 956 4045 or.
975 3991 1000 4046 9.

310 4076 331 4146 8)
349 4075 469 4131 Onirocr.
486 4077 517 4131 11
534 4076 575 4132 69.
679 4077 701 4147 ⁹)
720 4077 761 4131 De
778 4078 828 4132 deo
846 4077 915 4132 Socr.
935 4076 959 4131 6.

310 4160 342 4231 ¹⁰)
361 4162 420 4229 Qua
431 4162 466 4217 dc
477 4178 507 4218 rc
519 4162 642 4218 conferas
653 4177 723 4230 quae
741 4162 867 4231 exposuit
878 4161 1167 4218 Wachsmuthins
1184 4162 1203 4216 I.
1222 4177 1305 4230 supra
1322 4179 1348 4230 p.
1366 4161 1401 4215 38

222 4248 240 4302 l.
253 4264 279 4316 p.
291 4248 408 4316 aaseqq.
427 4253 456 4303 et
473 4248 569 4303 Iambl.
588 4249 622 4304 de
639 4253 721 4317 myst.
739 4248 807 4318 Aeg.
825 4248 870 4302 III
887 4247 903 4299 1
921 4253 950 4302 et
968 4247 1001 4301 15
1019 4255 1048 4302 et
1066 4248 1108 4302 16.

311 4334 345 4403 ¹¹)
362 4333 430 4388 XIV
448 4333 472 4388 V.
579 4332 611 4402 1“)
630 4334 704 4389 Cass.
723 4333 775 4387 Dio
793 4332 940 4388 LXXVIII
958 4333 982 4388 7.
