3506 5226
320 392 383 458 228
778 389 912 459 Georgius
930 390 1043 445 Bleeher
1444 393 1500 480 [58

321 564 363 629 ad
393 560 601 644 extispicium
630 560 851 644 prodigiorum
888 580 981 628 usum
1018 562 1233 645 observandi,
1269 562 1326 629 ubi
1358 562 1495 646 primum

318 669 466 732 extorum
500 663 597 747 signe
630 663 665 728 in
699 663 918 747 prodigiorum
948 683 1083 731 numero
1117 664 1233 731 heberi
1266 671 1384 748 coepta
1411 673 1498 733 sunt.

318 767 412 849 Quod
426 765 519 832 uobis
534 785 598 832 uno
615 766 744 847 quidem
758 768 817 832 sed
830 767 1026 850 gravssimo
1037 767 1226 833 testimonio
1239 769 1498 836 demonstretur:

318 869 425 936 iecere
447 869 504 935 illo
530 887 640 948 aeneo,
671 871 757 949 quod
778 874 818 934 ut
839 869 1021 936 Deeckii
1043 870 1147 952 ipsius
1170 871 1319 955 verbis1)
1341 877 1418 937 utar
1443 892 1499 938 ex-

318 971 411 1038 hibet
439 971 497 1036 aas
523 971 651 1037 Schema
672 969 725 1035 des
748 972 934 1055 Templum,
962 971 1037 1035 uber
1064 973 1178 1037 utcbt
1202 975 1245 1036 iu
1274 975 1410 1037 saluar
1429 994 1499 1038 wr-

317 1073 844 1156 sprc'laple'chcaRee'abco’t,
866 1075 1045 1139 condere
1065 1076 1142 1157 auf
1161 1076 1498 1141 dicLeberr‘lber-

318 1181 477 1261 tropen,
506 1197 570 1241 was
593 1176 678 1241 umbe
697 1176 912 1259 adaequasse
938 1177 1138 1242 Vardalc'ouen
1159 1178 1227 1242 aad
1249 1179 1500 1263 Abwcichuopea

320 1279 456 1344 mellae
477 1281 526 1344 ec.

402 1381 648 1466 Quaerentibus
677 1401 788 1464 porro,
820 1383 935 1449 curin
963 1383 1071 1449 iecore
1101 1389 1179 1449 ente
1210 1384 1319 1449 omnia
1360 1387 1499 1470 τρίπους

317 1493 469 1570 μαντικῆς
479 1485 503 1571 2)
525 1485 635 1569 fuerit,
658 1485 886 1566 primumcum
909 1486 1094 1552 Deeckio
1107 1486 1132 1570 3)
1155 1486 1331 1552 statuimus
1354 1505 1497 1569 causam,

319 1591 404 1669 quod
433 1587 524 1654 vitae
554 1590 650 1654 sedes
677 1589 863 1655 hebebatur
897 1589 988 1655 iecur
1021 1591 1062 1655 ab
1096 1588 1252 1670 antiquis.
1306 1589 1379 1654 Iam
1408 1591 1497 1670 apud

316 1691 493 1758 Homerum
515 1693 632 1758 heroes
654 1690 762 1757 iecore
784 1710 850 1758 non
873 1695 969 1758 eorde
986 1691 1054 1758 icto
1076 1691 1217 1757 enimam
1232 1691 1413 1772 exspirant.
1457 1691 1498 1756 Iu

318 1794 462 1861 eiusdem
485 1792 685 1860 carminibus
716 1797 828 1861 eodem
858 1813 956 1860 sensu
986 1788 1074 1878 ἧπαρ
1096 1798 1277 1876 usurpetur
1307 1797 1407 1874 etque
1437 1812 1497 1860 nos

317 1896 426 1963 dicere
448 1896 588 1964 solemus
609 1896 702 1979 Hera,
721 1897 860 1981 datast)
897 1898 989 1964 Idem
1011 1899 1148 1963 verbum
1172 1896 1271 1963 simili
1293 1896 1424 1964 ratione
1438 1899 1495 1962 ad·

316 1998 457 2065 bibitum
480 1999 623 2074 occurrit
638 2002 726 2080 apud
740 2000 885 2082 tragicos
900 2004 1023 2081 poetas.
1068 2001 1178 2065 Mater
1192 1995 1246 2084 ὑφ’
1262 1997 1387 2084 ἥπατος
1402 2002 1497 2083 φέρει

314 2101 465 2186 veropr)
523 2101 692 2167 Acerrime
730 2103 840 2168 dolore
880 2121 945 2167 nou
982 2120 1037 2168 cor
1077 2105 1136 2167 sed
1176 2103 1268 2167 iecur
1305 2101 1459 2168 efficitur.
1472 2101 1498 2186 ⁰)

314 2202 488 2268 Plutarchi
511 2220 637 2284 quoque
666 2203 730 2269 huc
752 2203 872 2269 referri
901 2209 1040 2285 possunt
1061 2205 1167 2270 verba
1186 2205 1282 2270 haec:
1305 2214 1368 2266 τῶν
1396 2223 1494 2290 πρεσ-

316 2307 417 2388 βυτῶν
445 2302 463 2387 ἡ
492 2304 568 2391 περὶ
597 2303 633 2369 τὸ
666 2300 754 2390 ἧπαρ
784 2303 863 2391 ἀρχὴ
899 2316 956 2369 τοῦ
985 2300 1220 2392 ἐπιθυμητικοῦ
1248 2309 1495 2390 κατασβέννυται

314 2406 370 2470 καὶ
391 2410 532 2492 γίγνεται
559 2407 658 2493 μικρὰ
687 2407 742 2472 καὶ
765 2406 940 2495 coaevem)
990 2410 1037 2475 Et
1059 2409 1224 2475 Aretaeus
1246 2410 1391 2476 medicus
1413 2409 1497 2474 haec

315 2511 482 2593 exposuit:
505 2507 572 2575 ἔστι
594 2509 654 2595 γὰρ
676 2509 813 2594 αἵματος
833 2511 941 2594 πάγος
961 2509 997 2575 τὸ
1019 2499 1171 2575 πλεῖστον
1191 2505 1288 2595 ἧπαρ.
1301 2511 1325 2596 ⁸)
1370 2510 1494 2577 Eodem

318 2616 410 2681 modo
439 2633 492 2681 res
522 2634 558 2683 se
591 2617 694 2681 hebet
722 2618 809 2698 apud
839 2615 1039 2700 Romanos.⁹)
1094 2616 1205 2696 Atque
1243 2614 1344 2680 etiam
1377 2619 1496 2695 quarto

317 2735 346 2798 p.
369 2717 443 2784 Chr.
466 2738 496 2784 n.
519 2719 648 2785 saeculo
672 2723 813 2785 exeunte
836 2718 870 2783 in
887 2717 1102 2785 defixionibus
1125 2736 1209 2798 quae
1233 2717 1389 2782 dicuntur
1408 2717 1495 2780 ἱααα

317 2819 430 2903 hostis,
459 2825 497 2886 ut
519 2824 592 2886 eret
614 2820 705 2887 vitae
728 2822 838 2903 sedes,
868 2826 945 2886 ante
976 2820 1084 2885 omnia
1112 2822 1266 2885 devotum
1289 2818 1494 2903 videmus.²⁰)

317 2921 474 2987 Fortasse
496 2925 538 2988 ad
560 2922 620 2988 boe
636 2941 701 2989 non
723 2923 807 2988 nihil
830 2921 977 3005 contulit,
1001 2923 1087 3004 quod
1103 2927 1220 2990 ventre
1234 2922 1363 2989 hestiae
1379 2926 1495 3004 aperto

317 3021 410 3088 iecur
431 3023 607 3089 maximum
629 3026 815 3106 apparebat
835 3025 946 3092 viscus
969 3031 1003 3091 et
1025 3025 1131 3091 colore
1160 3043 1218 3092 suo
1248 3025 1380 3107 proprio
1403 3025 1499 3106 quasi

317 3123 470 3209 aenigma
492 3129 695 3207 proponebat
709 3126 970 3209 inspicientibus.
1015 3127 1100 3194 Utut
1115 3130 1176 3194 hoc
1190 3147 1225 3193 se
1240 3129 1350 3211 habet
1372 3131 1498 3194 certum

318 3231 370 3294 est
399 3226 508 3309 priore
544 3247 670 3310 quoque
701 3248 782 3297 aevo
819 3229 910 3296 iecur
939 3249 1066 3311 semper
1103 3230 1206 3310 primo
1236 3230 1306 3295 loco
1344 3233 1379 3295 et
1407 3230 1496 3310 apud

406 3433 426 3504 ¹)
444 3435 461 3488 l.
479 3434 497 3490 l.
515 3433 624 3490 ibidem.
696 3433 717 3504 ')
736 3435 863 3491 Philostr.
882 3435 932 3491 vit.
949 3435 1037 3504 Apoll.
1055 3435 1125 3490 VIII
1145 3435 1169 3504 V,
1188 3434 1229 3490 15.
1301 3431 1321 3499 ⁸)
1339 3432 1357 3486 l.
1375 3431 1393 3486 l.
1412 3449 1437 3500 p.
1455 3431 1498 3487 80.

402 3519 426 3590 ⁴)
444 3520 476 3574 Il.
494 3521 535 3574 XI
552 3521 611 3589 679,
630 3520 702 3575 XIII
718 3520 776 3590 411,
792 3520 874 3576 XVII
891 3520 943 3574 349
961 3521 1024 3576 alis.
1059 3520 1092 3574 In
1109 3525 1203 3574 nostre
1226 3518 1324 3588 liugua
1345 3517 1420 3572 heud
1443 3518 1497 3573 ulio

317 3604 394 3660 modo
406 3604 480 3660 iecur
491 3621 540 3675 pro
558 3606 636 3660 corde
653 3613 813 3674 usurpatum
831 3605 916 3660 fuisse
934 3605 1113 3661 demonstrari
1125 3605 1236 3659 videtur
1247 3609 1340 3658 nostro
1352 3603 1424 3659 dicto
1440 3602 1499 3672 fret

317 3703 369 3742 cca
386 3687 434 3743 der
452 3689 538 3744 heber
555 3689 692 3760 epraeter,
711 3691 740 3746 iu
758 3690 884 3745 Grimmii
902 3690 1040 3746 Glossario
1058 3691 1157 3758 VHp.
1175 3689 1234 3745 461.

404 3772 425 3843 ⁶)
443 3775 509 3831 Eur.
527 3775 620 3845 Suppl.
639 3776 691 3830 918
699 3792 772 3846 seqq.

403 3858 424 3922 θ)
443 3861 538 3914 Aesoh.
558 3863 610 3931 Ag.
628 3861 693 3930 432;
712 3861 790 3931 Soph.
810 3861 852 3916 Ai.
870 3861 935 3928 9393
961 3862 1026 3917 Ilur.
1051 3859 1144 3930 Suppl.
1163 3861 1228 3929 5983
1256 3861 1337 3915 eres.
1357 3858 1417 3915 425.
1454 3859 1497 3918 Gt

317 3943 429 3999 Theocr.
447 3943 520 4000 XIII
538 3945 579 4000 ll.

405 4029 426 4098 7)
443 4029 477 4085 de
494 4029 558 4086 virt.
577 4047 642 4086 mor.
661 4031 702 4085 XI
719 4048 744 4100 p.
763 4031 854 4087 450F.
1017 4031 1038 4100 ⁸)
1056 4048 1082 4099 p.
1101 4031 1136 4084 48
1153 4032 1243 4087 thu.

402 4115 425 4180 'l
443 4114 497 4171 Cio.
521 4116 556 4172 de
578 4121 635 4172 unt.
654 4117 725 4172 deor.
749 4117 828 4185 Iee;
852 4117 917 4172 Hor.
936 4117 1024 4172 Corin.
1043 4116 1057 4169 I
1075 4117 1116 4184 13,
1134 4117 1159 4184 4,
1184 4116 1239 4171 Set.
1257 4115 1314 4184 19,
1337 4113 1380 4182 66,
1407 4111 1496 4182 Epist.

317 4199 390 4271 118,
409 4199 456 4270 723
475 4201 534 4258 Iur.
552 4201 610 4258 Set.
628 4201 643 4256 I
660 4201 702 4271 45,
723 4203 763 4258 VI
781 4203 840 4259 649.

386 4285 419 4354 ¹⁰)
438 4285 624 4343 Sctlriuulsclre
647 4285 928 4357 Verficcbuopstufelo
954 4287 995 4344 ed.
1020 4287 1053 4342 R.
1078 4286 1255 4342 Wuensclr
1272 4284 1328 4340 teb.
1347 4283 1429 4340 XVII
1446 4283 1495 4350 42;

317 4371 350 4427 de
368 4371 449 4428 huius
467 4371 544 4429 tituli
562 4381 683 4444 ternpore
700 4389 725 4428 v.
744 4371 781 4431 ib.
799 4389 825 4443 p.
843 4373 885 4426 62.
