3508 5068
342 418 404 484 180
785 415 919 485 Georgius
937 415 1050 470 Blocher
1467 414 1522 500 [10

344 587 506 674 Ἄρατον
543 585 868 672 ἀναμνησθέντα
907 596 985 648 τῶν
1023 584 1144 672 ἱερῶν
1185 579 1356 650 ἐκείνων
1394 584 1522 668 γέλως

341 687 465 773 ἔλαβε
494 688 564 753 καὶ
594 687 788 776 όιηγεῖτο
817 697 869 771 τῷ
900 687 1074 771 βασιλεῖ
1101 688 1144 752 τὸ
1165 697 1341 774 σημεῖον
1363 688 1433 752 καὶ
1453 687 1522 774 τὴν

341 793 664 879 προαγόρευσιν.

425 930 702 1012 Paus.V12,4:
726 935 790 992 Ταῦ
809 927 1107 1012 θρασυβούλου
1129 927 1218 1012 (τῶν
1238 926 1439 1014 Ἰαμιδῶν)

339 1045 383 1118 τῇ
407 1029 550 1098 εἰκόνι
566 1032 726 1117 γαλεώτης
746 1031 828 1115 πρὸς
849 1028 903 1094 τὸν
925 1023 1012 1111 ὦμον
1030 1033 1227 1117 προσέρπων
1249 1026 1316 1094 ἐστὶ
1336 1029 1390 1096 τὸν
1406 1029 1519 1110 δεξιόν,

263 1169 265 1174 ·
340 1135 395 1199 καλ
416 1136 522 1199 κύων
545 1131 869 1218 ίερεῖονόηπὰρ’
892 1131 998 1215 αὐτῷ
1019 1141 1162 1196 κεῖται
1185 1131 1521 1218 διατετμημένος

337 1261 379 1301 τε
401 1235 497 1316 δίχα
519 1236 588 1300 καὶ
611 1237 771 1321 φαίνων
791 1233 834 1297 τὸ
855 1229 963 1320 ἧπαρ
986 1287 992 1301 .
1016 1287 1053 1302 ..
1084 1231 1186 1299 ἔοικεν
1216 1227 1272 1298 ούν
1301 1233 1388 1298 ἰδίαν
1408 1234 1519 1300 τινὰὸ

340 1339 561 1426 Θρασύβουλος
584 1332 640 1401 ἐπὶ
661 1338 854 1419 σπλάγχνων
872 1337 1024 1422 μαντικὴν
1045 1340 1176 1402 κυνείων
1197 1337 1469 1423 καταστήσασθαι.

426 1478 510 1552 Nic.
539 1478 638 1544 ‘Pher
661 1478 725 1544 559
755 1495 858 1558 seqq:

1010 1573 1356 1665 .,ἢάπὸκύπρου

381 1681 539 1768 ἥπατος
563 1680 794 1766 ἀκρότατον
814 1684 963 1762 κέρσαι
981 1624 1123 1763 λοβόν,
1146 1679 1462 1766 όςτετραπέζης

382 1783 598 1870 εκφύεται,
621 1785 731 1848 νεύει
752 1782 794 1882 όὲ
816 1783 940 1869 χολῆς
962 1781 1111 1864 σχεδὸν
1130 1782 1199 1868 ηόὲ
1221 1785 1401 1884 πυλάων.

424 1923 559 1989 Schol.
579 1924 621 1987 ad
643 1923 674 1987 h.
695 1922 731 1986 l.:
760 1919 949 2004 τράπεζα
970 1921 1040 1984 καὶ
1060 1921 1166 2007 πύλη
1188 1923 1289 2007 μέρη
1307 1920 1399 1983 τινά
1415 1916 1520 1984 εἰσιν

339 2013 552 2111 ἐξημμένα
589 2033 660 2086 τοῦ
702 2021 871 2106 ἥπατος.
922 2021 1127 2106 τράπεζα,
1165 2021 1275 2102 όνυξ,
1311 2024 1518 2110 μάχαιρα,

240 2189 244 2196 ,
338 2127 493 2189 κάνεον

424 2262 526 2328 Poll.
549 2260 805 2328 Onom.11215·
826 2258 1030 2322 Καλεῖται
1052 2257 1178 2322 όὲτοῦ
1199 2258 1359 2344 ἥπατος
1380 2259 1423 2322 τὸ
1445 2264 1518 2340 μέν

337 2390 375 2429 τι
397 2363 542 2447 πύλαι,
565 2361 657 2425 καθ’
679 2359 1002 2441 ἃςύποόέχεται
1031 2363 1074 2424 τὸ
1108 2355 1227 2446 αἷμα,
1258 2359 1339 2444 ὅπερ
1364 2360 1419 2426 όιὰ
1441 2373 1519 2444 μιᾶς

338 2466 458 2554 φλεβὸς
488 2464 534 2543 εἰς
562 2467 673 2541 πόσας
700 2464 758 2540 τὰς
783 2463 905 2548 φλέβας
933 2462 991 2526 ἀπ’
1013 2462 1116 2527 αὐτῶν
1138 2461 1384 2588 ἀναπέμπεται
1408 2462 1453 2528 τὸ
1476 2462 1514 2528 ό
1503 2487 1518 2529 ε

338 2570 459 2655 λοβοὶ
480 2568 609 2653 ἡπατί
617 2591 659 2632 αι
681 2567 745 2631 κτλ.

423 2707 512 2774 Rus.
534 2708 684 2788 Ephes.
708 2708 749 2770 de
764 2705 920 2787 appellat.
935 2709 1021 2786 part.
1045 2723 1130 2787 corp.
1146 2706 1232 2770 hum.
1248 2725 1278 2787 p.
1294 2706 1335 2771 38
1352 2703 1516 2792 (Olinch.):
1585 2674 1589 2682 ¹

338 2812 430 2894 (Τοῦ
474 2807 516 2872 δὲ
560 2807 728 2894 ἥπατος)
773 2801 843 2870 ἐπὶ
883 2817 954 2870 τοῦ
988 2809 1189 2890 μεγίστου
1226 2807 1355 2891 λοβοῦ
1385 2807 1518 2893 χολῆς
1553 2878 1555 2883 ,
1628 2817 1647 2848 ’·
1744 2797 1745 2814 ’

231 2995 234 3006 .
338 2911 516 2996 ἀγγεῖον.
539 2920 595 2972 τοῦ
610 2908 649 2974 db
666 2907 701 2971 τὸ
717 2912 816 2990 μέσον
831 2907 941 2973 στενὸν
955 2909 1091 2994 αύχήν.
1114 2908 1150 2973 τὸ
1174 2907 1209 2976 όὲ
1229 2912 1316 2974 κάτω
1338 2910 1515 2996 πυθμήν.

338 3013 444 3099 πύλη
472 3011 514 3076 όὲ
542 3011 704 3097 ἥπατος
724 3009 743 3093 ἡ
766 3010 879 3096 φλέψ
907 3009 978 3094 όιὰ
1000 3006 1044 3097 ἧς
1066 3011 1083 3094 ἡ
1105 3011 1237 3098 τροφὴ
1267 3012 1515 3097 εἰσέρχεται.

272 3133 273 3136 ’
340 3113 1518 3200 ἃδὲἐνλεροσκοπίηιπύλαςκαίγρύπεζανκαὶμύχαιραν

337 3218 406 3283 καὶ
428 3217 552 3298 όνυχα
567 3216 779 3301 καλοῦσιν,
796 3211 971 3298 ἔστιμὲν
990 3217 1058 3281 καὶ
1080 3215 1362 3300 ἐνάνθρώπηι,
1378 3213 1517 3301 ἀσαφῆ

339 3320 381 3385 δὲ
403 3320 465 3384 καλ
485 3320 556 3384 ούκ
578 3317 731 3404 εύόηλα
753 3320 822 3383 καὶ
844 3317 904 3394 εἰς
927 3318 1046 3383 ούόὲν
1067 3316 1517 3402 ἰατρικὸνάναγκαίως
1573 3345 1579 3353 ’

337 3423 645 3506 όνομασθέντα.
1269 3405 1271 3411 “

336 3544 543 3628 Hesychii
566 3545 687 3612 Gloss.:

419 3663 653 3728 Ἇκέλευθα
688 3660 796 3726 ύνοόα.
832 3661 887 3725 καὶ
910 3656 1122 3743 ένθυτικῆ
1152 3669 1326 3744 σημεῖον
1348 3659 1516 3744 ότανμὴ

540 3759 796 3849 ᾗκέλευθος.

423 3867 682 3953 ἀντιστάτης·
716 3859 1014 3964 ὁάνθεστηκως(’
1000 3865 1219 3949 εν)τῇμόχη.
1258 3865 1516 3950 καὶσημεῑον

540 3970 753 4053 ἐνθυτικῇ.

421 4074 622 4157 γλῶσσαι·
652 4071 760 4156 φωναὶ
781 4071 835 4134 καὶ
857 4080 1008 4157 σημεῖα
1029 4068 1101 4134 ἐπὶ
1129 4079 1199 4132 τού
1216 4068 1379 4156 ἥπατος
1401 4068 1514 4153 παρὰ

539 4175 813 4250 τοῐςθύταις.

422 4276 552 4358 όεξίς·
582 4286 660 4339 τῶν
688 4274 729 4340 έν
749 4286 801 4360 τῷ
822 4274 952 4362 ἥπατι
974 4285 1109 4359 μερῶν
1129 4273 1516 4359 παρὰτοῖςθύταις

541 4377 775 4465 καλουμένη
797 4376 905 4464 όοχή.
