3508 5068
330 381 392 449 176
784 380 918 450 Georgius
935 380 1051 436 Blocher
1475 382 1509 468 [6

414 551 535 616 Thuc.
564 550 612 616 IV
634 551 685 633 92,
716 551 751 616 7:
789 557 864 625 Τοῖς
894 547 993 636 ἱεροῖς
1021 553 1042 612 δ
1079 548 1154 646 ήμῶν
1182 552 1376 632 «λυσαμένοις
1405 549 1509 617 καλὰ

328 653 543 735 φαίνεται,
566 651 663 735 ὁμόσε
684 660 827 738 χωρῆσαι
849 698 905 714 ...

412 789 511 854 Xen.
534 788 641 855 Anah.
663 789 725 872 18,
749 789 806 854 15:
835 785 1089 874 Ὁδὲ(Κύρος)
1111 783 1285 875 ἐπιστήσας
1316 783 1410 855 εἶπε
1438 792 1508 857 καλ

326 888 461 973 λέγειν
490 889 682 954 ἐκέλευσε
703 899 850 962 πᾶσιν,
881 889 946 955 ότι
967 889 1105 954 καὶτὰ
1127 889 1219 976 ἱερὰ
1241 890 1348 956 καλδ
1370 892 1507 957 καὶτὰ

326 993 488 1078 σφάγια
509 991 624 1056 καλό.

410 1129 508 1195 xen.
530 1129 732 1212 Anab.II2,
754 1130 790 1196 3:
812 1127 1050 1215 (Κλέαρχος)
1073 1127 1160 1208 ἐλεξε
1178 1127 1302 1194 τοιάδε·
1325 1129 1421 1212 ἐμοὶ
1444 1178 1506 1194 ...

324 1231 521 1314 δυομένῳ
546 1226 658 1294 ἰέναι
680 1229 752 1294 ἐπὶ
769 1230 950 1312 βασιλέα
973 1230 1044 1294 οάκ
1066 1226 1255 1314 ἐγίγνετο
1276 1231 1323 1295 τὰ
1346 1231 1506 1319 ἐερό...
1623 1284 1626 1288 -

325 1330 435 1395 ἰέναι
464 1329 507 1395 δὲ
532 1331 645 1416 παρὰ
673 1332 768 1408 τοὺς
797 1335 931 1419 Κύρου
961 1332 1114 1419 φίλους
1138 1335 1245 1398 πάνυ
1278 1334 1383 1398 καλὰ
1410 1334 1505 1418 ἡμῖν

323 1432 371 1496 τὰ
392 1431 484 1520 ἱερὰ
504 1427 554 1518 ήν.
578 1429 694 1498 ὧδόύν
712 1433 771 1520 χρή
791 1444 905 1502 ποιεῖν.

408 1571 507 1637 Xon.
523 1572 629 1637 Anab.
645 1572 716 1656 V2,
732 1574 767 1638 9:
788 1571 820 1637 ‘0
835 1581 1028 1657 Ξενοφῶν
1044 1575 1347 1659 σονεχῶρηοετοῑς
1369 1572 1505 1661 ἱεροῖς

323 1673 565 1748 πιστεύσας·
580 1671 618 1737 οἱ
639 1674 900 1759 νὰρμάντετς
921 1671 1286 1760 ἀποδεδειγμένοι
1309 1669 1424 1760 ἦσαν,
1440 1676 1504 1742 ὅτι

321 1774 428 1861 μάχη
449 1773 522 1856 μὲν
543 1771 676 1849 ἐσται,
697 1775 741 1839 τδ
763 1775 806 1840 δέ
827 1777 948 1853 τέλος
970 1777 1094 1842 καλὸν
1114 1787 1183 1864 τής
1205 1772 1361 1858 ἐξόδου.

407 1930 505 1996 Xen.
529 1931 636 1996 Anab.
658 1933 689 1995 V
711 1933 740 2014 4,
767 1933 825 1997 22:
861 1939 906 2016 Τῇ
935 1930 971 1996 δὲ
1000 1931 1149 2019 ὑστεραίᾳ
1177 1934 1389 2010 θύσαντες
1410 1927 1504 1998 ἐπεὶ

322 2029 687 2117 ἐκαλλιερήσαντο,
714 2031 946 2118 ἀριστήσαντες,
970 2033 1105 2119 ὀρθίους
1133 2035 1207 2110 τοὺς
1228 2034 1343 2114 λόχους
1364 2036 1502 2123 ποιησό-

319 2153 411 2215 μενοι
434 2131 767 2217 ...ἐπορεύοντο

407 2287 512 2354 Χειι.
546 2288 652 2353 Anab.
683 2288 711 2351 V
742 2289 777 2370 6,
812 2289 868 2354 28:
909 2286 951 2374 (Ὁ
983 2297 1196 2374 Ξενοφῶν
1228 2283 1328 2374 εἶπε)
1364 2289 1419 2352 καὶ
1449 2299 1504 2354 νῦν

322 2385 462 2475 ἐθυόμην
477 2441 505 2455 ..
579 2387 742 2466 ,Σιλανὸς
764 2388 801 2452 δέ
813 2411 871 2471 μοι
894 2388 912 2454 δ
932 2392 1082 2472 μάντις
1103 2388 1373 2476 ἀπεκρίνατο,
1395 2388 1503 2473 τδμέν

320 2493 480 2574 μέγιστον,
501 2487 576 2554 τδλ
607 2485 1012 2580 ρδκαλδελναι·ήδει
1034 2492 1194 2579 γὰρκαὶ
1216 2490 1286 2576 ἐμὲ
1309 2492 1501 2559 ούκάπει-

321 2614 392 2678 ραν
421 2592 517 2658 όντα
539 2592 610 2657 διδ
631 2593 674 2659 τὸ
697 2593 762 2658 ἀεὶ
784 2604 987 2682 παρεῖναι
1006 2595 1252 2683 τοῖςὶεροῖς.
1276 2592 1363 2676 ἐλεξε
1384 2595 1430 2670 δέ,
1452 2595 1502 2662 δτι

319 2691 362 2757 ἐν
382 2708 472 2773 τοῖς
494 2695 844 2783 ἐεροῖςφαίνοιτό
867 2695 1151 2774 τιςδόλοςκαὶ
1172 2697 1377 2784 ἐπιβουλή
1398 2698 1501 2783 ἐμοί.

406 2837 505 2903 Xen.
537 2836 644 2903 Anab.
666 2836 715 2902 VI
736 2838 765 2918 2,
789 2822 845 2902 15:
867 2844 1060 2921 Ξενοφῶν
1082 2830 1499 2921 ἐωττεχελρησεν...

322 2928 562 3002 ἐκπλεῦσαι.
603 2940 796 3022 δυομένῳ
830 2935 872 3001 δὲ
905 2936 1011 3021 αάτῳ
1041 2949 1085 3018 τῷ
1115 2936 1244 3023 ἡγεμόνι
1272 2937 1422 3024 Ἡρακλεῖ
1446 2939 1500 3004 καὶ

321 3045 523 3126 κοινουμένῳ,
549 3039 672 3127 πότερα
693 3041 777 3123 λῷον
799 3039 855 3103 καὶ
876 3038 1004 3121 ἀμεινον
1026 3037 1074 3127 eir,
1100 3043 1333 3126 στρατεύεσθαι
1353 3037 1372 3123 ἢ
1395 3039 1500 3106 ἀπαλ-

197 3167 201 3179 ·
242 3211 251 3244 ρ
320 3137 1498 3229 λάττεσύαι,ἐοήμηνενδθεὸςτοῖςλεροῖςοοστρατεύεσθαι.

156 3257 210 3292 εκ
255 3277 348 3339 -Ψ,
406 3281 504 3372 Xffl,
519 3281 626 3346 Anab.
643 3280 690 3345 VI
704 3283 734 3363 4,
756 3281 791 3346 9:
814 3277 892 3342 Ἐπ’
914 3276 1046 3361 ἐξόδῳ
1070 3278 1221 3344 ἐδύετο
1243 3287 1498 3365 Ξενοφῶν...

321 3377 393 3446 ἐπεὶ
415 3365 518 3446 δὲζτὰ
541 3379 633 3467 ἱερὰ
654 3375 836 3464 ἐγένετο,
859 3378 989 3445 εἵποντο
1011 3383 1066 3446 καὶ
1089 3379 1121 3445 οἱ
1138 3378 1295 3466 Ἀρκάδες.

405 3521 504 3586 Xen.
526 3520 633 3587 Anah.
655 3519 755 3603 VI4,
778 3520 834 3586 13:
872 3521 1103 3601 Θυομένοις
1125 3516 1168 3582 δὲ
1190 3515 1263 3581 ἐπὶ
1283 3527 1328 3601 τῇ
1351 3515 1497 3602 ἀφόδῳ

320 3620 391 3686 ούκ
413 3621 601 3706 ἐγίγνετο
622 3622 669 3685 τὰ
693 3620 792 3705 ἱερά.
821 3623 934 3708 ταύτην
955 3619 1012 3703 μὲν
1032 3614 1088 3685 ούν
1109 3619 1162 3704 τήν
1176 3617 1295 3705 ἡμέραν
1310 3613 1498 3686 ἐπαύσαντο.

405 3777 503 3845 Xen.
526 3779 633 3844 Anab.
662 3778 710 3843 VI
740 3778 847 3860 416:
882 3777 1073 3858 Θυομένῳ
1103 3771 1146 3836 δέ
1174 3770 1303 3835 πόλιν
1326 3771 1387 3850 εἰς
1407 3773 1498 3862 τρὶς

316 3880 393 3946 ἐπὶ
414 3892 457 3966 τῇ
481 3877 628 3966 ἀφόδῳ
650 3879 721 3942 ούκ
743 3877 931 3962 ἐγίγνετο
953 3875 1000 3939 τὰ
1023 3872 1123 3961 ἱερά.

405 4036 503 4101 Xon.
525 4035 628 4100 Anah.
649 4033 699 4100 Vl
717 4034 819 4116 4,17;
841 4025 928 4096 Εἶπε
949 4030 1049 4095 πόλιν
1071 4041 1234 4117 Ξενοφῶν·
1259 4029 1405 4097 ...ἐπὶ
1426 4031 1498 4115 μὲν

320 4149 364 4222 τῇ
393 4140 565 4222 πορείᾳ,
595 4134 641 4210 ὡς
670 4131 773 4218 δρᾶτε,
802 4135 849 4199 τὰ
872 4133 963 4218 ἱερὰ
984 4135 1092 4198 ούπω
1122 4135 1329 4218 γίγνεται·
1359 4131 1498 4199 τῶνδὲ

322 4235 574 4325 ἐπιτηδείων
610 4235 689 4323 δρῶ
720 4235 825 4320 ὑμᾶς
862 4236 1096 4319 δεομένους.
1136 4235 1291 4324 ἀνάγκη
1325 4229 1393 4300 σόν
1425 4257 1497 4319 μοι

321 4341 439 4405 δοκεῖ
461 4335 571 4406 ελναι
600 4342 788 4404 θύεσθαι
809 4340 908 4425 περὶ
930 4338 1054 4404 αὐτοῦ
1075 4341 1233 4404 τούτου.
