3508 5068
359 442 422 508 184
821 439 956 509 Georgius
973 439 1086 495 Blacher
1483 441 1539 530 [14

443 614 530 680 Liv.
546 613 810 679 XLH30cxtr.:
833 610 1180 692 Haruspicesita
1202 615 1537 698 responderunt,

357 717 394 782 si
428 714 529 796 quir
569 714 633 782 rei
666 733 801 781 novae
833 713 1136 795 inciperetum'
1163 713 1205 780 id
1242 718 1537 783 maturandum

358 837 469 885 esso:
502 817 750 900 victoriam,
782 816 1058 899 triumphum,
1094 807 1453 900 propagationem
1483 818 1537 884 ii-

356 921 467 987 nium
491 919 701 1002 portendi.

442 1056 518 1122 Iul.
541 1055 716 1135 Obsequ.
740 1072 766 1119 c.
789 1054 845 1118 76:
876 1053 923 1119 In
945 1053 1213 1136 provinciam
1242 1055 1535 1136 proficiscens

356 1158 603 1225 Postumius
637 1156 800 1240 consul,
838 1174 924 1221 cum
961 1155 1220 1240 immolaret,
1260 1155 1303 1222 in
1338 1157 1537 1239 plurimis

356 1259 555 1329 victimis
585 1264 713 1341 caput
736 1258 1080 1324 iniocinorencn
1101 1256 1283 1324 invenit.
1306 1259 1536 1341 proiectusque

357 1367 432 1443 post
454 1363 538 1428 niem
561 1361 736 1444 septimum
759 1359 1050 1442 ...expiravit

445 1499 543 1565 Sall.
564 1499 641 1563 bell
662 1498 735 1580 Iug.
759 1498 810 1580 63,
834 1501 867 1563 1:
890 1498 955 1563 Per
976 1497 1064 1562 idem
1085 1502 1216 1580 tempus
1239 1498 1398 1564 Uticae
1420 1500 1535 1566 forte

357 1601 541 1668 chlorio
563 1619 638 1682 per
659 1600 826 1667 hostias
850 1600 915 1665 dis
939 1599 1212 1681 supplicanti
1234 1620 1384 1682 magua
1407 1607 1535 1684 atque

356 1703 578 1770 mirabilia
600 1702 802 1785 portendi
824 1704 1041 1784 haruspex
1062 1703 1250 1769 dixerat:
1272 1703 1408 1785 proinde
1431 1723 1535 1785 quae

355 1807 491 1872 animo
511 1805 715 1888 agitabat
737 1805 878 1872 fretus
901 1805 966 1871 dis
988 1810 1155 1888 ageret,
1178 1804 1395 1872 fortunam
1418 1825 1535 1886 quam

355 1909 619 1991 saepissume
649 1907 943 1991 experiretur,
982 1913 1136 1974 cuncta
1164 1926 1370 1990 prospere
1407 1926 1535 1976 even·

355 2011 491 2096 turab

441 2149 545 2214 Plin.
575 2148 666 2238 ΝΗ,
697 2148 749 2212 XI
779 2149 857 2214 189:
901 2148 1051 2232 (Caput
1089 2147 1264 2233 iccoris)
1308 2149 1451 2215 defuit
1494 2155 1535 2214 et

356 2251 389 2317 O.
411 2252 547 2317 Mario
570 2269 656 2316 cum
679 2250 920 2316 immolaret
941 2249 1103 2317 Uticae.
1516 2251 1518 2254 ’

440 2388 549 2454 Plut.
572 2388 664 2454 Sulla
687 2390 743 2454 17:
773 2385 877 2463 Αὐτὸς
898 2384 934 2450 δὲ
956 2384 986 2472 (ὁ
1009 2387 1178 2473 Σύλλας)
1201 2387 1293 2473 παρὰ
1314 2386 1368 2451 τὸν
1390 2387 1535 2474 Κηφισὸν

354 2488 853 2576 ἓσφαγιάζετοᾚαὶτῶν
875 2487 996 2575 ἱερῶν
1017 2494 1252 2572 γενομένων
1274 2489 1410 2577 ἐχώρει
1431 2490 1535 2577 πρὸς

353 2592 422 2679 τὴν
442 2595 722 2677 Χαιρώνειαν.

439 2732 548 2798 Plut.
586 2731 679 2796 Sulla
715 2733 772 2797 27:
814 2727 1027 2815 Ἐκόηλότατα
1071 2741 1128 2794 τοῦ
1171 2733 1252 2795 θεοῦ
1292 2732 1350 2808 τὰς
1390 2731 1535 2812 α’ντυχίας

353 2836 626 2919 προσημαίνοντος
646 2832 740 2916 αὐτῷ.
763 2833 976 2909 θύσαντος
996 2833 1070 2915 μὲν
1091 2833 1166 2919 γὰρ
1190 2829 1390 2920 εὐθέωςῇ
1413 2834 1534 2919 διέβη

353 2935 454 3018 περὶ
477 2935 664 3018 Ταράντα
687 2933 846 3022 δάφνης
868 2936 1076 3021 στεφάνου
1095 2936 1348 3018 τύπονὲχων
1370 2935 1387 3002 ὃ
1410 2936 1535 3020 λοβὸς

237 3048 248 3082 i
355 3038 476 3123 ὤφθη
499 3037 569 3101 καὶ
590 3037 824 3122 λημνίσκων
845 3035 916 3102 δύο
937 3044 1262 3125 κατηρτημένων.

439 3176 500 3239 Aa
507 3193 538 3257 g.
567 3176 608 3239 de
631 3175 693 3241 civ.
724 3176 777 3242 <lei
806 3176 921 3241 1124:
954 3175 1034 3242 Oum
1056 3177 1206 3243 venisset
1236 3178 1418 3242 Tarentum
1441 3177 1534 3242 Sulla

354 3282 454 3358 atquc
477 3275 525 3342 ibi
547 3277 777 3362 sacrificasset,
806 3278 893 3345 vidit
922 3279 957 3344 in
980 3278 1091 3360 capite
1113 3279 1250 3346 vitulini
1279 3277 1398 3345 iecoris
1419 3278 1534 3346 simili-

353 3381 501 3448 tudinem
524 3398 662 3446 coronae
687 3399 817 3448 aureae.
839 3381 1186 3465 tuncPostumius
1208 3381 1425 3462 haruspex
1454 3381 1532 3447 ille

352 3482 581 3566 respondit
616 3484 887 3564 praeclaram
921 3482 959 3549 ci
999 3482 1259 3565 significari
1302 3483 1532 3550 uictoriam

352 3585 586 3669 iussitque,
608 3591 654 3652 ut
677 3585 791 3651 extis
813 3585 909 3652 illis
932 3587 1049 3654 solus
1072 3590 1337 3653 vesceretur.

438 3721 514 3787 Iul.
540 3721 717 3803 Obsequ.
746 3741 772 3787 c.
802 3722 859 3788 95:
890 3723 1050 3790 Catone
1081 3722 1257 3789 consule
1286 3722 1533 3789 immolante

353 3827 454 3889 exta
475 3824 721 3890 tabuerunt.
745 3829 876 3907 caput
897 3824 1436 3892 iocinorisinventumncn
1458 3830 1533 3891 est.

437 3959 512 4026 Iul.
535 3959 711 4043 Obsequ.
740 3981 767 4028 c.
797 3962 874 4027 107:
909 3962 1178 4030 Decemviris
1207 3960 1533 4029 immolantibus

353 4067 485 4145 caput
506 4061 719 4130 iocinoris
741 4083 821 4131 non
843 4063 937 4132 fuit.

439 4252 449 4282 1

438 4252 459 4368 ¹)
477 4249 739 4402 ἓξσΡέξὲηιξίσἻοσῗ
753 4335 919 4390 Plutarchus
937 4335 1006 4390 falso
1023 4335 1149 4392 adhibuit
1167 4335 1329 4407 σφαγιάζειν
1347 4352 1448 4405 vocem,
1473 4351 1533 4389 cum

351 4422 465 4478 referret
482 4436 541 4475 eam
560 4419 595 4474 od
613 4419 681 4490 ὶιρᾰ.
716 4419 789 4475 Vide
806 4435 890 4490 supra
907 4436 932 4489 p.
948 4423 965 4475 4
983 4422 1045 4476 adu.
1064 4423 1079 4476 1
1098 4421 1135 4478 in.
