3508 5068
225 435 281 521 ld]
628 436 669 490 De
686 433 829 504 extispicio
846 435 940 505 capita
957 436 1012 492 tria
1347 441 1409 512 133

227 605 270 674 τὸ
292 604 490 693 διάτορον
511 604 533 691 ἥ
552 627 595 669 τε
624 603 785 691 κεφαλὴ
813 607 996 688 μέγεθος
1024 603 1236 693 ὑπερφυές
1264 606 1410 690 ἀνέσχε

228 709 284 778 ναὶ
311 700 414 774 τᾶλλα
441 705 568 794 φαιδρὰ
596 710 798 790 θαυμαστῶς
827 705 964 794 διεφάνη
994 708 1049 774 καλ
1078 708 1169 774 λάσιν
1197 709 1282 791 ἔχειν
1309 715 1410 784 στάν

228 813 367 896 πρώτων
395 810 501 896 φόβος
528 809 646 892 ἔδοξεν.
678 807 710 874 ολ
732 808 767 876 δὲ
794 811 924 894 μάντεις
950 821 1050 875 ταῦτα
1069 811 1192 894 μᾶλλον
1212 812 1338 898 ἔφασαν
1356 812 1408 880 δι-

229 912 332 980 διέναι
360 913 416 977 καὶ
443 914 675 998 ταράττεσθαι·
705 912 940 997 λαμπροτάτων
974 913 1036 1000 γὰρ
1065 912 1119 988 ir?
1148 911 1331 996 αἰσχίστοις,
1353 917 1410 984 καὶ

231 1016 519 1101 σκυθρωποτάτοις
545 1013 643 1100 ἱεροῖς
667 1021 842 1098 γινομενον
862 1015 1012 1081 άττονττον
1040 1011 1122 1082 εἶναι
1149 1026 1204 1104 τῆς
1231 1019 1409 1106 μεταβολῆς

231 1119 286 1204 τὴν
303 1117 454 1184 ἀτοπίαν.

313 1272 424 1340 Plin.
444 1272 533 1339 N.H.
554 1273 607 1338 XI
630 1274 707 1340 189:
738 1273 782 1339 ll.
805 1273 1013 1341 Marcello
1042 1273 1131 1341 circa
1159 1282 1304 1359 mortem,
1337 1293 1409 1343 cum

227 1371 330 1458 periit
350 1377 393 1442 ab
416 1374 622 1458 Hannibale,
652 1377 794 1458 (caput
826 1375 1002 1460 iecoris)
1031 1375 1177 1443 defuit
1205 1377 1247 1444 in
1276 1379 1408 1462 extis3
1536 1400 1542 1420 r

226 1477 433 1561 sequenti
456 1477 611 1546 deiude
633 1477 701 1545 die
723 1478 931 1560 geminum
953 1483 1172 1560 repertum
1193 1484 1270 1547 est.

316 1631 406 1699 Liv.
428 1632 566 1698 XXX2
589 1635 690 1698 extu:
713 1632 940 1700 Consulum
963 1633 1097 1699 alteri
1118 1633 1291 1715 primam
1319 1637 1407 1702 hos-

225 1734 330 1800 tiam
353 1733 597 1800 immolanti
620 1739 748 1815 caput
768 1733 977 1801 iocineris
999 1735 1149 1801 defuit.

313 1888 403 1955 Liv.
415 1886 535 1952 XXXI
546 1888 576 1970 5,
589 1889 623 1952 7:
647 1887 727 1954 (lum
741 1887 990 1954 renuntiassent
1001 1889 1148 1956 consules
1169 1908 1239 1956 rem
1261 1888 1406 1960 divinam

227 1993 293 2058 rite
315 1993 485 2073 peractam
509 2007 582 2055 esse
605 1995 640 2055 et
669 1988 852 2071 precationi
873 1990 1028 2057 adnuisse
1051 1993 1129 2058 deos
1150 1993 1406 2074 haruspices

226 2093 507 2176 respondere,
535 2093 741 2172 laetaque
764 2098 864 2159 exta
884 2091 1023 2160 fuisse
1057 2098 1099 2159 et
1119 2094 1407 2177 prolationem

227 2195 381 2262 linium
409 2193 725 2276 victoriamque
748 2200 790 2260 et
819 2195 1078 2277 triumphum
1103 2197 1311 2286 portendi
1340 2216 1407 2280 eqs.

313 2349 401 2416 Liv.
413 2348 564 2414 XXXVI
577 2350 605 2432 l,
617 2350 653 2414 3:
674 2349 728 2414 Ea
743 2350 852 2416 omnia
866 2349 1028 2416 sacrificia
1042 2351 1134 2416 laeta
1153 2349 1298 2435 fuerunt,
1319 2351 1406 2434 pri-

225 2452 389 2533 misque
408 2450 569 2516 hostiis
591 2451 851 2533 perlitatum
875 2458 955 2535 est,
983 2457 1026 2518 et
1055 2453 1120 2520 ita
1148 2455 1406 2536 haruspices

226 2556 563 2636 responderunt,
593 2572 638 2620 eo
670 2554 784 2620 bello
816 2555 1023 2620 terminos
1053 2554 1201 2635 populi
1232 2557 1407 2622 Romani

225 2655 479 2741 propagari,
509 2656 739 2723 victoriam
763 2675 809 2722 ac
831 2656 1090 2739 triumphum
1113 2658 1296 2724 ostendi.

310 2809 398 2877 Liv.
411 2809 492 2876 XLI
509 2810 660 2876 ldmed.:
685 2809 745 2876 On.
764 2810 963 2877 Cornelio
986 2816 1025 2877 et
1048 2811 1084 2895 Q.
1107 2811 1292 2878 Petillio
1315 2831 1403 2879 cou-

225 2911 411 2992 sulibus,
452 2930 529 2992 quo
570 2912 638 2976 die
678 2913 981 2996 magistratum
1015 2913 1227 2998 inierunt,
1264 2914 1406 2982 immo-

224 3013 422 3080 lantibus
443 3013 517 3081 Iovi
539 3012 678 3095 siugulis
696 3016 814 3098 bubus,
836 3015 887 3082 uti
900 3017 993 3098 solet,
1015 3016 1057 3082 in
1073 3035 1121 3082 ea
1142 3016 1303 3101 hostia,
1325 3037 1406 3100 qua

226 3115 263 3200 Q.
292 3115 503 3182 Petillius
533 3116 835 3201 sacrificavit,
872 3117 915 3185 in
947 3117 1139 3186 iocinere
1170 3125 1298 3204 caput
1325 3139 1404 3187 uon

224 3218 454 3285 inventum.
474 3217 508 3284 id
524 3238 597 3286 cum
619 3216 661 3286 ad
677 3225 827 3288 senatum
841 3221 1037 3303 rettulisset,
1059 3223 1166 3289 bove
1188 3222 1404 3304 perlitare

224 3339 380 3387 uussus.

311 3474 400 3541 Liv.
421 3475 502 3540 XLI
518 3476 560 3542 15
571 3475 630 3542 in:
654 3477 709 3542 On.
732 3476 960 3544 Cornelius...
983 3478 1134 3559 exposuit
1154 3476 1307 3558 patribus
1330 3496 1403 3545 con·

101 3610 102 3614 =
225 3577 358 3658 scriptis
380 3577 475 3646 bovis
491 3578 705 3662 sescennariS,
730 3598 825 3660 quem
840 3579 1084 3662 immolavisset,
1106 3579 1198 3646 iecur
1213 3578 1404 3648 diffluxisse.

225 3679 260 3746 id
281 3698 317 3746 se
336 3732 343 3745 .
359 3731 388 3745 ..
410 3679 597 3747 victimario
620 3681 790 3747 nuntianti
811 3701 929 3764 parum
951 3684 1138 3748 credentem
1160 3681 1268 3764 ipsum
1283 3702 1404 3764 aquam

224 3779 348 3847 effundi
363 3801 405 3848 ex
419 3782 495 3867 olla,
509 3783 566 3850 ubi
582 3789 661 3850 exta
675 3789 902 3868 coquerentur,
917 3784 1058 3868 iussisse,
1075 3789 1110 3851 et
1124 3783 1248 3851 vidisse
1260 3791 1403 3852 ceteram

223 3883 389 3965 integram
411 3889 540 3965 partem
562 3892 719 3970 extorum,
749 3886 840 3952 iecur
869 3906 962 3953 omne
990 3886 1208 3954 inenarrabili
1237 3889 1316 3955 tabe
1347 3890 1403 3955 ab·

224 3989 389 4067 sumptum
422 4037 429 4050 .
459 4037 465 4052 .
497 3988 639 4054 ‚alter
672 3991 818 4056 consul
852 4008 991 4056 curam
1025 3989 1207 4073 adiecit,
1235 3990 1311 4071 qui
1344 4009 1404 4074 se,

224 4088 332 4169 quod
355 4092 485 4169 caput
506 4089 691 4156 iocineri
714 4091 947 4175 defuisset,
970 4092 1114 4160 tribus
1143 4093 1278 4159 bubus
1307 4112 1402 4174 per·
1630 4107 1638 4127 ¹

223 4189 381 4256 litasse
403 4190 593 4273 negavit.
610 4198 745 4259 senatus
759 4193 997 4260 maioribus
1019 4193 1179 4260 hostiis
1201 4212 1334 4276 usque
1356 4197 1404 4261 ad

223 4292 473 4358 litationem
496 4293 753 4361 sacrificari
782 4295 923 4362 iussit.
960 4295 1123 4362 ceteris
1153 4295 1241 4362 diis
1267 4297 1403 4380 perli-

225 4400 359 4460 tatum
382 4395 547 4461 ferunt:
570 4396 958 4464 SalutiPetillium
981 4398 1402 4481 perlitassenegant.
