3506 5226
349 427 413 492 240
805 423 938 493 Georgius
958 423 1074 478 Blachor
1474 424 1529 510 [70

348 603 467 664 actum.
517 597 628 663 Aliter
659 613 694 662 se
724 596 864 678 habent,
896 611 980 675 quae
1011 597 1188 675 praeterea
1229 599 1377 676 exstant,
1407 595 1528 661 tertiae

348 699 465 767 classis
484 697 621 782 effigies.
651 696 736 764 Sunt
751 696 847 778 enim,
862 695 891 762 si
907 695 986 777 quid
1000 695 1158 779 videmus,
1172 701 1383 762 monumenta
1397 700 1527 764 tantum

349 819 468 885 eorum,
483 800 541 884 qui
556 799 723 882 extispicii
738 799 907 866 habebant
923 815 1050 881 munus,
1072 797 1144 864 sive
1159 798 1304 878 ipsorum
1318 799 1529 882 sepulcralia,

348 905 420 971 sive
448 904 562 971 votiva
592 905 635 969 ab
666 901 734 968 illis
768 904 827 968 deo
857 900 986 967 cuidam
1007 899 1125 982 posita.
1176 900 1283 966 Huius
1313 902 1446 984 generis
1477 908 1529 969 est

349 1025 478 1090 gemma
493 1005 717 1072 Berolinensis
727 1005 752 1090 1)
775 1006 864 1070 haud
879 1002 977 1069 nimis
992 1003 1182 1086 artificiosa,
1200 1003 1237 1069 in
1254 1023 1319 1084 qua
1334 1005 1527 1086 extispicem

347 1110 498 1177 videmus
528 1109 645 1175 baculo
674 1107 803 1189 nixum,
831 1106 889 1187 qui
918 1105 1056 1172 sinistra
1085 1125 1183 1172 manu
1212 1109 1305 1172 tenet
1334 1112 1422 1190 exta,
1455 1126 1527 1174 cum

348 1213 468 1282 dextra
496 1210 601 1294 digito
639 1229 679 1276 aa
707 1212 875 1275 monstret.
927 1208 1034 1274 Huius
1064 1209 1296 1275 vestimentum
1332 1228 1398 1275 non
1427 1208 1528 1276 nimia

347 1312 555 1396 longitudine
577 1317 612 1378 et
634 1311 851 1394 amplitudine
873 1311 1004 1392 insigne
1033 1312 1094 1377 sub
1116 1313 1231 1377 dextro
1263 1312 1390 1378 lacerto
1420 1317 1527 1379 trans-

348 1415 494 1482 mittitur
516 1416 558 1480 ad
573 1416 740 1480 humerum
755 1414 896 1497 laevum,
918 1413 967 1479 ita
981 1418 1020 1479 ut
1034 1415 1185 1479 dextrum
1199 1413 1289 1480 latus
1303 1433 1369 1480 non
1384 1419 1528 1498 tegatur.

348 1516 560 1598 Adscriptum
592 1521 644 1584 θεῖ
676 1518 890 1583 Etruscorum
923 1517 1022 1598 omos,
1059 1518 1144 1598 quod
1172 1516 1313 1581 Romani
1349 1519 1528 1584 vertebant

347 1623 437 1687 rotas.
491 1620 673 1686 Praeterea
708 1619 744 1685 in
777 1619 890 1685 Museo
924 1617 1093 1686 Avennico
1134 1623 1289 1684 servatur
1329 1620 1390 1685 sub
1427 1619 1527 1685 titulo

346 1721 537 1804 Aesculapii
552 1725 664 1788 statua
679 1740 791 1804 aenea,
815 1740 912 1802 quam
925 1721 990 1788 Sal.
1013 1720 1278 1787 Reinachius
1290 1721 1314 1806 2)
1337 1739 1470 1804 summo,
1489 1726 1527 1787 ut

348 1824 441 1892 nobis
463 1824 592 1906 quidem
617 1824 759 1906 videtur,
784 1823 857 1889 iure
886 1825 987 1890 habet
1009 1823 1203 1904 extispicem
1231 1824 1357 1904 aliquid
1379 1828 1526 1890 extorum

349 1927 467 1994 dextra
488 1927 695 2012 tenentem.⁸)
740 1926 958 2007 Aesculapius
981 1930 1092 1992 autem
1118 1927 1302 1993 vocabatur
1325 1932 1439 1993 statua
1459 1925 1527 2008 illa,

348 2030 427 2110 quia
447 2029 553 2110 primo
576 2031 694 2096 obtutu
716 2031 804 2095 haud
828 2027 999 2095 dissimilis
1033 2047 1105 2095 esse
1134 2028 1313 2095 videbatur
1335 2029 1528 2110 Aesculapii

348 2130 487 2214 imagini
502 2130 537 2197 in
549 2133 660 2198 eodem
676 2149 787 2196 museo
803 2132 1003 2197 adservatae
1019 2130 1076 2211 qui
1091 2131 1244 2196 baculum
1258 2135 1351 2198 tenet
1373 2135 1527 2213 serpente

349 2251 408 2299 suo
437 2232 664 2318 redimitum.⁴)
715 2231 858 2298 Etiamsi
888 2232 1093 2315 ignoramus,
1127 2232 1207 2313 quid
1235 2234 1383 2299 tenuerit
1411 2253 1527 2300 manus

349 2339 484 2402 statuae
505 2335 596 2402 illius
612 2335 749 2403 sinistra
767 2353 853 2400 nunc
874 2333 1055 2416 deperdita,
1077 2333 1141 2400 etsi
1163 2339 1338 2415 praeterea
1359 2334 1394 2400 in
1417 2335 1527 2417 capite

349 2437 527 2506 similitudo
550 2440 712 2520 quaedam
735 2438 823 2503 haud
852 2436 976 2503 iniuria
1006 2441 1204 2519 agnoscatur
1233 2455 1306 2502 cum
1329 2437 1527 2519 Aesculapio

348 2540 503 2624 existens,
533 2546 646 2607 tamen
674 2545 744 2607 toto
773 2539 919 2621 corporis
948 2539 1067 2606 habitu
1096 2558 1212 2621 parum
1242 2538 1354 2607 divino
1383 2540 1527 2621 suspicio

348 2648 507 2726 movetur,
529 2662 602 2710 eum
623 2661 829 2724 nequaquam
844 2641 1035 2724 Aesculapii
1057 2641 1234 2726 imaginem
1250 2660 1331 2708 esse.
1375 2642 1463 2709 Sane
1484 2643 1527 2725 id,

350 2747 434 2828 quod
449 2747 567 2812 dextra
582 2764 697 2811 manus
712 2749 813 2827 tenet,
837 2745 924 2811 extis
940 2745 1079 2811 similius
1095 2751 1154 2826 est,
1178 2745 1275 2825 q'uam
1297 2750 1336 2811 ut
1357 2745 1526 2827 repudiari

349 2848 453 2929 possit
475 2847 706 2914 Reinachii
730 2847 927 2913 coniectura.

435 2965 595 3048 Tertium,
617 2967 701 3048 quod
716 2971 828 3032 exstat
841 2965 940 3032 huius
955 2966 1087 3047 generis
1110 2965 1328 3051 simulacrum,
1350 2972 1402 3035 est
1423 2987 1527 3035 urnac

349 3066 535 3150 operculum
550 3067 616 3132 iam
633 3087 654 3134 a
675 3067 910 3154 Deeckio⁶),
931 3073 1046 3149 postea
1068 3069 1295 3155 aStieda⁶)
1319 3070 1527 3152 descriptum.

349 3167 413 3236 Est
433 3168 505 3236 siue
528 3169 627 3236 dubio
640 3174 883 3236 monumentum
899 3170 1092 3251 sepulcrale.
1135 3172 1298 3253 Extispex
1315 3172 1527 3256 diadematus,

444 3374 464 3442 ¹)
483 3375 516 3430 V.
535 3375 646 3431 tabulae
664 3375 693 3429 11
711 3373 757 3443 lig.
776 3375 793 3428 4
811 3374 926 3444 petitam
944 3390 978 3430 ex
995 3375 1276 3445 Furtwaanglsri
1300 3376 1456 3432 collectione
1473 3377 1530 3431 Dic

351 3459 465 3515 antideo
485 3459 617 3516 Ganmea
634 3460 690 3516 tab.
708 3461 775 3514 XIX
792 3477 835 3516 no.
853 3461 878 3515 8.

435 3545 457 3614 ²)
474 3545 568 3600 Recole
586 3545 660 3601 orel.
679 3546 728 3600 XL
748 3545 815 3600 1902
832 3562 859 3615 p.
877 3545 936 3600 137.

435 3629 456 3700 ⁸)
474 3631 507 3686 V.
520 3637 629 3686 nostrae
638 3631 750 3686 tabulae
759 3631 803 3686 111
812 3631 859 3700 lig.
872 3631 888 3684 1
901 3631 1002 3701 publici
1011 3631 1079 3686 iuris
1091 3631 1209 3685 nondum
1219 3630 1320 3686 iactam
1333 3637 1362 3686 et
1371 3648 1526 3702 expressam

349 3731 382 3770 ax
400 3720 496 3784 ectypo
513 3717 578 3772 solis
596 3716 680 3772 radiis
698 3715 812 3785 depicto.

434 3799 456 3870 ⁴)
476 3800 562 3856 Musei
584 3801 659 3856 illius
682 3800 899 3856 administratori
919 3802 1096 3870 Labaudc,
1121 3799 1168 3869 qui
1192 3801 1226 3856 da
1240 3802 1291 3856 hac
1306 3818 1335 3856 re
1352 3817 1401 3870 per
1418 3802 1526 3857 litteras

349 3883 461 3940 comiter
478 3900 521 3940 me
539 3885 680 3941 certiorem
704 3886 771 3942 fecit
789 3891 817 3942 et
834 3893 962 3955 ectypum
988 3885 1089 3954 publici
1112 3885 1181 3942 iuris
1206 3887 1296 3942 iacere
1319 3887 1437 3956 benigne
1460 3887 1527 3942 mihi

349 3968 481 4040 permisit,
499 3970 606 4040 gratias
624 3971 709 4026 habeo
727 3970 842 4026 debitas.

435 4054 456 4124 ι)
475 4055 622 4124 Daeoke,
640 4055 702 4110 Etr.
720 4055 918 4127 Forsclraopco
936 4058 961 4112 V
978 4073 1004 4126 p.
1022 4057 1064 4112 65.

435 4139 457 4212 ⁸)
475 4141 779 4208 Merkel-Bonnet,
804 4142 934 4197 Aootom.
957 4141 1043 4210 Hcftc
1066 4143 1149 4198 Irol.
1168 4143 1219 4198 XV
1235 4160 1261 4214 p.
1279 4142 1344 4212 aar,
1369 4159 1395 4197 r.
1419 4147 1527 4198 uostm

349 4227 460 4284 tabulas
477 4227 521 4282 111
538 4226 615 4298 ἂμ
632 4227 751 4282 nondum
769 4227 944 4297 publicatam,
968 4243 1049 4296 quam
1067 4228 1248 4297 expressimus
1271 4245 1304 4284 ex
1322 4234 1418 4298 ectypo
1435 4227 1528 4298 pholo

349 4312 487 4383 graphice.
522 4311 609 4368 Musei
622 4312 780 4368 Voltcrrani
796 4313 1014 4369 administratori
1030 4313 1183 4380 Solaini,
1202 4314 1250 4382 qui
1266 4314 1296 4369 iu
1307 4315 1395 4370 luceru
1407 4311 1527 4383 prolerre

349 4401 477 4468 sotppum
495 4397 562 4453 mihi
579 4397 711 4466 permisit,
729 4398 836 4467 gratias
853 4398 936 4454 dobeo
953 4398 1093 4455 maximas.
