<?xml version="1.0" encoding="UTF-8"?>
<!DOCTYPE html PUBLIC "-//W3C//DTD XHTML 1.0 Transitional//EN"
    "http://www.w3.org/TR/xhtml1/DTD/xhtml1-transitional.dtd">
<html xmlns="http://www.w3.org/1999/xhtml" xml:lang="en" lang="en">
 <head>
  <title>
</title>
<meta http-equiv="Content-Type" content="text/html;charset=utf-8" />
  <meta name='ocr-system' content='tesseract 3.04.00' />
  <meta name='ocr-capabilities' content='ocr_page ocr_carea ocr_par ocr_line ocrx_word'/>
</head>
<body>
  <div class='ocr_page' id='page_1' title='image "./deextispiciocap00bezogoog_0071.png"; bbox 0 0 3506 5226; ppageno 0'>
   <div class='ocr_carea' id='block_1_1' title="bbox 354 395 1534 484">
    <p class='ocr_par' dir='ltr' id='par_1_1' title="bbox 354 395 1534 484">
     <span class='ocr_line' id='line_1_1' title="bbox 354 395 1534 484; baseline -0.002 -33"><span class='ocrx_word' id='word_1_1' title='bbox 354 400 419 465; x_wconf 80' lang='grc'>234</span> <span class='ocrx_word' id='word_1_2' title='bbox 813 395 946 464; x_wconf 77' lang='lat' dir='ltr'>Georgius</span> <span class='ocrx_word' id='word_1_3' title='bbox 964 395 1078 450; x_wconf 86' lang='lat' dir='ltr'>Bleeher</span> <span class='ocrx_word' id='word_1_4' title='bbox 1478 397 1534 484; x_wconf 78' lang='grc'>[64</span> 
     </span>
    </p>
   </div>
   <div class='ocr_carea' id='block_1_2' title="bbox 355 563 1548 2494">
    <p class='ocr_par' dir='ltr' id='par_1_2' title="bbox 355 563 1536 751">
     <span class='ocr_line' id='line_1_2' title="bbox 355 563 1536 650; baseline 0 -16"><span class='ocrx_word' id='word_1_5' title='bbox 355 573 479 650; x_wconf 88' lang='lat' dir='ltr'>spectu,</span> <span class='ocrx_word' id='word_1_6' title='bbox 501 586 573 633; x_wconf 92' lang='lat' dir='ltr'>oum</span> <span class='ocrx_word' id='word_1_7' title='bbox 596 571 696 632; x_wconf 89' lang='lat' dir='ltr'>antea</span> <span class='ocrx_word' id='word_1_8' title='bbox 711 569 840 631; x_wconf 86' lang='lat' dir='ltr'>tantum</span> <span class='ocrx_word' id='word_1_9' title='bbox 855 567 898 630; x_wconf 91' lang='lat' dir='ltr'>ad</span> <span class='ocrx_word' id='word_1_10' title='bbox 912 565 1007 630; x_wconf 90' lang='lat' dir='ltr'>deum</span> <span class='ocrx_word' id='word_1_11' title='bbox 1030 583 1129 630; x_wconf 92' lang='lat' dir='ltr'>unum</span> <span class='ocrx_word' id='word_1_12' title='bbox 1143 563 1262 630; x_wconf 86' lang='lat' dir='ltr'>referri</span> <span class='ocrx_word' id='word_1_13' title='bbox 1276 571 1387 646; x_wconf 89' lang='lat' dir='ltr'>posset</span> <span class='ocrx_word' id='word_1_14' title='bbox 1406 566 1536 650; x_wconf 87' lang='lat' dir='ltr'>signum</span> 
     </span>
     <span class='ocr_line' id='line_1_3' title="bbox 355 667 1307 751; baseline -0.003 -14"><span class='ocrx_word' id='word_1_15' title='bbox 355 689 472 751; x_wconf 83' lang='lat' dir='ltr'>nempe</span> <span class='ocrx_word' id='word_1_16' title='bbox 496 672 538 735; x_wconf 87' lang='lat' dir='ltr'>ad</span> <span class='ocrx_word' id='word_1_17' title='bbox 560 688 632 735; x_wconf 91' lang='lat' dir='ltr'>eum</span> <span class='ocrx_word' id='word_1_18' title='bbox 655 687 751 748; x_wconf 88' lang='lat' dir='ltr'>quem</span> <span class='ocrx_word' id='word_1_19' title='bbox 773 668 809 733; x_wconf 91' lang='lat' dir='ltr'>in</span> <span class='ocrx_word' id='word_1_20' title='bbox 831 667 1022 749; x_wconf 73' lang='lat' dir='ltr'>precatione</span> <span class='ocrx_word' id='word_1_21' title='bbox 1044 667 1307 734; x_wconf 82' lang='lat' dir='ltr'>nominaverant.</span> 
     </span>
    </p>

    <p class='ocr_par' dir='ltr' id='par_1_3' title="bbox 355 769 1548 2494">
     <span class='ocr_line' id='line_1_4' title="bbox 441 769 1535 852; baseline 0.001 -14"><span class='ocrx_word' id='word_1_22' title='bbox 441 772 506 838; x_wconf 84' lang='lat' dir='ltr'>Sed</span> <span class='ocrx_word' id='word_1_23' title='bbox 529 776 658 838; x_wconf 88' lang='lat' dir='ltr'>veteres</span> <span class='ocrx_word' id='word_1_24' title='bbox 673 770 739 852; x_wconf 91' lang='lat' dir='ltr'>ipsi</span> <span class='ocrx_word' id='word_1_25' title='bbox 761 769 941 851; x_wconf 89' lang='lat' dir='ltr'>posteriore</span> <span class='ocrx_word' id='word_1_26' title='bbox 963 769 1140 851; x_wconf 84' lang='lat' dir='ltr'>praecipue</span> <span class='ocrx_word' id='word_1_27' title='bbox 1162 789 1244 837; x_wconf 85' lang='lat' dir='ltr'>aevo</span> <span class='ocrx_word' id='word_1_28' title='bbox 1268 772 1351 836; x_wconf 88' lang='lat' dir='ltr'>duas</span> <span class='ocrx_word' id='word_1_29' title='bbox 1375 791 1457 852; x_wconf 85' lang='lat' dir='ltr'>quas</span> <span class='ocrx_word' id='word_1_30' title='bbox 1480 776 1535 839; x_wconf 89' lang='lat' dir='ltr'>‹le-</span> 
     </span>
     <span class='ocr_line' id='line_1_5' title="bbox 355 872 1535 959; baseline 0.003 -19"><span class='ocrx_word' id='word_1_31' title='bbox 355 875 545 957; x_wconf 82' lang='lat' dir='ltr'>scripsimus</span> <span class='ocrx_word' id='word_1_32' title='bbox 567 873 713 939; x_wconf 87' lang='lat' dir='ltr'>rationes</span> <span class='ocrx_word' id='word_1_33' title='bbox 734 874 832 954; x_wconf 91' lang='lat' dir='ltr'>plane</span> <span class='ocrx_word' id='word_1_34' title='bbox 865 873 954 938; x_wconf 91' lang='lat' dir='ltr'>inter</span> <span class='ocrx_word' id='word_1_35' title='bbox 984 891 1019 938; x_wconf 91' lang='lat' dir='ltr'>se</span> <span class='ocrx_word' id='word_1_36' title='bbox 1049 872 1319 939; x_wconf 89' lang='lat' dir='ltr'>commiscuerunt</span> <span class='ocrx_word' id='word_1_37' title='bbox 1347 893 1421 959; x_wconf 85' lang='lat' dir='ltr'>nec,</span> <span class='ocrx_word' id='word_1_38' title='bbox 1451 894 1535 956; x_wconf 88' lang='lat' dir='ltr'>qnae</span> 
     </span>
     <span class='ocr_line' id='line_1_6' title="bbox 355 974 1532 1058; baseline 0.001 -15"><span class='ocrx_word' id='word_1_39' title='bbox 355 977 457 1044; x_wconf 83' lang='lat' dir='ltr'>fuerit</span> <span class='ocrx_word' id='word_1_40' title='bbox 479 975 645 1058; x_wconf 88' lang='lat' dir='ltr'>extispioii</span> <span class='ocrx_word' id='word_1_41' title='bbox 667 975 767 1058; x_wconf 90' lang='lat' dir='ltr'>origo,</span> <span class='ocrx_word' id='word_1_42' title='bbox 788 974 1051 1057; x_wconf 74' lang='lat' dir='ltr'>perspiciebant,</span> <span class='ocrx_word' id='word_1_43' title='bbox 1080 974 1281 1057; x_wconf 79' lang='lat' dir='ltr'>ignorabant</span> <span class='ocrx_word' id='word_1_44' title='bbox 1303 975 1388 1042; x_wconf 91' lang='lat' dir='ltr'>enim</span> <span class='ocrx_word' id='word_1_45' title='bbox 1416 979 1532 1044; x_wconf 92' lang='lat' dir='ltr'>deum</span> 
     </span>
     <span class='ocr_line' id='line_1_7' title="bbox 355 1073 1548 1164; baseline 0.001 -18"><span class='ocrx_word' id='word_1_46' title='bbox 355 1081 390 1146; x_wconf 94' lang='lat' dir='ltr'>in</span> <span class='ocrx_word' id='word_1_47' title='bbox 412 1081 541 1146; x_wconf 90' lang='lat' dir='ltr'>hostiae</span> <span class='ocrx_word' id='word_1_48' title='bbox 571 1084 648 1144; x_wconf 89' lang='lat' dir='ltr'>exta</span> <span class='ocrx_word' id='word_1_49' title='bbox 677 1078 838 1159; x_wconf 82' lang='lat' dir='ltr'>magice</span> <span class='ocrx_word' id='word_1_50' title='bbox 867 1080 1119 1145; x_wconf 88' lang='lat' dir='ltr'>advocatum</span> <span class='ocrx_word' id='word_1_51' title='bbox 1150 1077 1280 1144; x_wconf 87' lang='lat' dir='ltr'>efficere</span> <span class='ocrx_word' id='word_1_52' title='bbox 1309 1079 1413 1163; x_wconf 86' lang='lat' dir='ltr'>siguo.</span> <span class='ocrx_word' id='word_1_53' title='bbox 1457 1073 1548 1164; x_wconf 72' lang='lat' dir='ltr'>Quo‘</span> 
     </span>
     <span class='ocr_line' id='line_1_8' title="bbox 355 1180 1536 1264; baseline 0 -16"><span class='ocrx_word' id='word_1_54' title='bbox 355 1183 479 1248; x_wconf 86' lang='lat' dir='ltr'>facturn</span> <span class='ocrx_word' id='word_1_55' title='bbox 502 1185 561 1264; x_wconf 89' lang='lat' dir='ltr'>est,</span> <span class='ocrx_word' id='word_1_56' title='bbox 583 1185 621 1247; x_wconf 89' lang='lat' dir='ltr'>ut</span> <span class='ocrx_word' id='word_1_57' title='bbox 635 1181 761 1246; x_wconf 82' lang='lat' dir='ltr'>frustra</span> <span class='ocrx_word' id='word_1_58' title='bbox 783 1180 998 1262; x_wconf 88' lang='lat' dir='ltr'>inquirerent,</span> <span class='ocrx_word' id='word_1_59' title='bbox 1021 1181 1182 1262; x_wconf 82' lang='lat' dir='ltr'>quiesset</span> <span class='ocrx_word' id='word_1_60' title='bbox 1202 1180 1435 1248; x_wconf 87' lang='lat' dir='ltr'>interhostiae</span> <span class='ocrx_word' id='word_1_61' title='bbox 1457 1187 1536 1248; x_wconf 87' lang='lat' dir='ltr'>exta</span> 
     </span>
     <span class='ocr_line' id='line_1_9' title="bbox 356 1282 1534 1367; baseline 0.002 -17"><span class='ocrx_word' id='word_1_62' title='bbox 356 1290 391 1350; x_wconf 91' lang='lat' dir='ltr'>et</span> <span class='ocrx_word' id='word_1_63' title='bbox 417 1283 555 1351; x_wconf 91' lang='lat' dir='ltr'>hominis</span> <span class='ocrx_word' id='word_1_64' title='bbox 593 1282 699 1349; x_wconf 81' lang='lat' dir='ltr'>iatum</span> <span class='ocrx_word' id='word_1_65' title='bbox 728 1301 900 1349; x_wconf 76' lang='lat' dir='ltr'>connexus,</span> <span class='ocrx_word' id='word_1_66' title='bbox 952 1284 1001 1348; x_wconf 87' lang='lat' dir='ltr'>Ac</span> <span class='ocrx_word' id='word_1_67' title='bbox 1039 1282 1141 1349; x_wconf 84' lang='lat' dir='ltr'>Stoici</span> <span class='ocrx_word' id='word_1_68' title='bbox 1171 1302 1346 1365; x_wconf 90' lang='lat' dir='ltr'>eorumque</span> <span class='ocrx_word' id='word_1_69' title='bbox 1379 1285 1534 1367; x_wconf 89' lang='lat' dir='ltr'>princeps</span> 
     </span>
     <span class='ocr_line' id='line_1_10' title="bbox 355 1385 1535 1468; baseline 0.002 -16"><span class='ocrx_word' id='word_1_70' title='bbox 355 1386 549 1452; x_wconf 91' lang='lat' dir='ltr'>Posidonius</span> <span class='ocrx_word' id='word_1_71' title='bbox 560 1387 646 1451; x_wconf 87' lang='lat' dir='ltr'>hanc</span> <span class='ocrx_word' id='word_1_72' title='bbox 658 1385 884 1451; x_wconf 85' lang='lat' dir='ltr'>difficultatem</span> <span class='ocrx_word' id='word_1_73' title='bbox 896 1385 1074 1468; x_wconf 85' lang='lat' dir='ltr'>profligare</span> <span class='ocrx_word' id='word_1_74' title='bbox 1087 1386 1283 1452; x_wconf 89' lang='lat' dir='ltr'>conatisunt</span> <span class='ocrx_word' id='word_1_75' title='bbox 1295 1387 1535 1454; x_wconf 89' lang='lat' dir='ltr'>transferentes</span> 
     </span>
     <span class='ocr_line' id='line_1_11' title="bbox 357 1487 1535 1572; baseline 0 -16"><span class='ocrx_word' id='word_1_76' title='bbox 357 1489 524 1572; x_wconf 86' lang='lat' dir='ltr'>vulgarem</span> <span class='ocrx_word' id='word_1_77' title='bbox 541 1489 632 1553; x_wconf 91' lang='lat' dir='ltr'>illam</span> <span class='ocrx_word' id='word_1_78' title='bbox 661 1487 889 1571; x_wconf 88' lang='lat' dir='ltr'>sympathiam,</span> <span class='ocrx_word' id='word_1_79' title='bbox 918 1489 958 1553; x_wconf 91' lang='lat' dir='ltr'>de</span> <span class='ocrx_word' id='word_1_80' title='bbox 981 1507 1047 1568; x_wconf 88' lang='lat' dir='ltr'>qua</span> <span class='ocrx_word' id='word_1_81' title='bbox 1076 1507 1177 1569; x_wconf 88' lang='lat' dir='ltr'>supra</span> <span class='ocrx_word' id='word_1_82' title='bbox 1207 1489 1357 1572; x_wconf 75' lang='lat' dir='ltr'>diximus</span> <span class='ocrx_word' id='word_1_83' title='bbox 1388 1492 1432 1556; x_wconf 90' lang='lat' dir='ltr'>ad</span> <span class='ocrx_word' id='word_1_84' title='bbox 1450 1491 1535 1556; x_wconf 35' lang='lat' dir='ltr'>*uni-</span> 
     </span>
     <span class='ocr_line' id='line_1_12' title="bbox 356 1590 1534 1676; baseline -0.001 -17"><span class='ocrx_word' id='word_1_85' title='bbox 356 1611 489 1659; x_wconf 85' lang='lat' dir='ltr'>versum</span> <span class='ocrx_word' id='word_1_86' title='bbox 518 1590 710 1676; x_wconf 84' lang='lat' dir='ltr'>mundum.¹)</span> <span class='ocrx_word' id='word_1_87' title='bbox 761 1591 874 1657; x_wconf 82' lang='lat' dir='ltr'>Cicero</span> <span class='ocrx_word' id='word_1_88' title='bbox 905 1595 1016 1657; x_wconf 92' lang='lat' dir='ltr'>autem</span> <span class='ocrx_word' id='word_1_89' title='bbox 1046 1593 1087 1656; x_wconf 91' lang='lat' dir='ltr'>de</span> <span class='ocrx_word' id='word_1_90' title='bbox 1109 1591 1172 1656; x_wconf 92' lang='lat' dir='ltr'>hac</span> <span class='ocrx_word' id='word_1_91' title='bbox 1201 1610 1363 1672; x_wconf 89' lang='lat' dir='ltr'>requam</span> <span class='ocrx_word' id='word_1_92' title='bbox 1392 1593 1534 1658; x_wconf 89' lang='lat' dir='ltr'>maxime</span> 
     </span>
     <span class='ocr_line' id='line_1_13' title="bbox 357 1693 1533 1775; baseline -0.001 -15"><span class='ocrx_word' id='word_1_93' title='bbox 357 1693 527 1762; x_wconf 88' lang='lat' dir='ltr'>dubitavit</span> <span class='ocrx_word' id='word_1_94' title='bbox 559 1693 612 1760; x_wconf 89' lang='lat' dir='ltr'>his</span> <span class='ocrx_word' id='word_1_95' title='bbox 642 1693 804 1774; x_wconf 76' lang='lat' dir='ltr'>verbis²):</span> <span class='ocrx_word' id='word_1_96' title='bbox 839 1713 901 1774; x_wconf 79' lang='lat' dir='ltr'>quo</span> <span class='ocrx_word' id='word_1_97' title='bbox 933 1713 970 1757; x_wconf 80' lang='lat' dir='ltr'>ae</span> <span class='ocrx_word' id='word_1_98' title='bbox 1003 1695 1182 1775; x_wconf 79' lang='lat' dir='ltr'>copuctioue</span> <span class='ocrx_word' id='word_1_99' title='bbox 1213 1699 1346 1758; x_wconf 85' lang='lat' dir='ltr'>uuturue</span> <span class='ocrx_word' id='word_1_100' title='bbox 1379 1699 1407 1758; x_wconf 83' lang='lat' dir='ltr'>et</span> <span class='ocrx_word' id='word_1_101' title='bbox 1439 1697 1533 1775; x_wconf 79' lang='lat' dir='ltr'>quusi</span> 
     </span>
     <span class='ocr_line' id='line_1_14' title="bbox 356 1797 1533 1878; baseline 0 -18"><span class='ocrx_word' id='word_1_102' title='bbox 356 1801 502 1862; x_wconf 74' lang='lat' dir='ltr'>cauato</span> <span class='ocrx_word' id='word_1_103' title='bbox 531 1801 621 1876; x_wconf 77' lang='lat' dir='ltr'>utque</span> <span class='ocrx_word' id='word_1_104' title='bbox 648 1813 811 1878; x_wconf 68' lang='lat' dir='ltr'>cometam,</span> <span class='ocrx_word' id='word_1_105' title='bbox 849 1815 943 1877; x_wconf 77' lang='lat' dir='ltr'>quam</span> <span class='ocrx_word' id='word_1_106' title='bbox 981 1797 1188 1878; x_wconf 76' lang='grc' dir='ltr'><em>συμπάθειαν</em></span> <span class='ocrx_word' id='word_1_107' title='bbox 1219 1797 1333 1862; x_wconf 78' lang='lat' dir='ltr'>Graeci</span> <span class='ocrx_word' id='word_1_108' title='bbox 1366 1799 1533 1878; x_wconf 72' lang='lat' dir='ltr'>appellum,</span> 
     </span>
     <span class='ocr_line' id='line_1_15' title="bbox 356 1899 1534 1980; baseline 0 -16"><span class='ocrx_word' id='word_1_109' title='bbox 356 1901 515 1964; x_wconf 83' lang='lat' dir='ltr'>couneuire</span> <span class='ocrx_word' id='word_1_110' title='bbox 538 1903 637 1980; x_wconf 81' lang='lat' dir='ltr'>potest</span> <span class='ocrx_word' id='word_1_111' title='bbox 663 1904 719 1962; x_wconf 85' lang='lat' dir='ltr'>aut</span> <span class='ocrx_word' id='word_1_112' title='bbox 745 1899 853 1976; x_wconf 54' lang='lat' dir='ltr'>meum</span> <span class='ocrx_word' id='word_1_113' title='bbox 882 1900 989 1963; x_wconf 77' lang='lat' dir='ltr'>iecoris</span> <span class='ocrx_word' id='word_1_114' title='bbox 1017 1919 1087 1963; x_wconf 82' lang='lat' dir='ltr'>curu</span> <span class='ocrx_word' id='word_1_115' title='bbox 1118 1901 1225 1964; x_wconf 82' lang='lat' dir='ltr'>lucello</span> <span class='ocrx_word' id='word_1_116' title='bbox 1254 1919 1334 1977; x_wconf 86' lang='lat' dir='ltr'>mec,</span> <span class='ocrx_word' id='word_1_117' title='bbox 1363 1905 1418 1964; x_wconf 86' lang='lat' dir='ltr'>aut</span> <span class='ocrx_word' id='word_1_118' title='bbox 1448 1921 1534 1964; x_wconf 88' lang='lat' dir='ltr'>meus</span> 
     </span>
     <span class='ocr_line' id='line_1_16' title="bbox 357 2002 1534 2086; baseline 0.001 -20"><span class='ocrx_word' id='word_1_119' title='bbox 357 2003 565 2083; x_wconf 78' lang='lat' dir='ltr'>quaesticulus</span> <span class='ocrx_word' id='word_1_120' title='bbox 586 2022 656 2065; x_wconf 80' lang='lat' dir='ltr'>curu</span> <span class='ocrx_word' id='word_1_121' title='bbox 678 2002 759 2064; x_wconf 81' lang='lat' dir='ltr'>coelo</span> <span class='ocrx_word' id='word_1_122' title='bbox 781 2007 865 2065; x_wconf 82' lang='lat' dir='ltr'>terro</span> <span class='ocrx_word' id='word_1_123' title='bbox 895 2022 1059 2083; x_wconf 78' lang='lat' dir='ltr'>rerumque</span> <span class='ocrx_word' id='word_1_124' title='bbox 1087 2003 1230 2066; x_wconf 78' lang='lat' dir='ltr'>cutura?</span> <span class='ocrx_word' id='word_1_125' title='bbox 1274 2003 1402 2086; x_wconf 77' lang='lat' dir='ltr'>Quibus</span> <span class='ocrx_word' id='word_1_126' title='bbox 1423 2003 1534 2070; x_wconf 86' lang='lat' dir='ltr'>verbis</span> 
     </span>
     <span class='ocr_line' id='line_1_17' title="bbox 356 2104 1534 2193; baseline -0.001 -22"><span class='ocrx_word' id='word_1_127' title='bbox 356 2124 392 2172; x_wconf 89' lang='lat' dir='ltr'>se</span> <span class='ocrx_word' id='word_1_128' title='bbox 414 2104 519 2170; x_wconf 86' lang='lat' dir='ltr'>refert</span> <span class='ocrx_word' id='word_1_129' title='bbox 548 2106 591 2168; x_wconf 90' lang='lat' dir='ltr'>ad</span> <span class='ocrx_word' id='word_1_130' title='bbox 618 2106 720 2170; x_wconf 89' lang='lat' dir='ltr'>solam</span> <span class='ocrx_word' id='word_1_131' title='bbox 749 2104 1055 2193; x_wconf 86' lang='lat' dir='ltr'>interpretationem</span> <span class='ocrx_word' id='word_1_132' title='bbox 1086 2110 1235 2171; x_wconf 86' lang='lat' dir='ltr'>extorum</span> <span class='ocrx_word' id='word_1_133' title='bbox 1264 2105 1331 2172; x_wconf 91' lang='lat' dir='ltr'>iam</span> <span class='ocrx_word' id='word_1_134' title='bbox 1355 2105 1534 2172; x_wconf 90' lang='lat' dir='ltr'>artificiose</span> 
     </span>
     <span class='ocr_line' id='line_1_18' title="bbox 356 2206 1535 2290; baseline 0 -18"><span class='ocrx_word' id='word_1_135' title='bbox 356 2207 520 2272; x_wconf 82' lang='lat' dir='ltr'>excultam</span> <span class='ocrx_word' id='word_1_136' title='bbox 536 2225 592 2271; x_wconf 91' lang='lat' dir='ltr'>suo</span> <span class='ocrx_word' id='word_1_137' title='bbox 605 2225 685 2272; x_wconf 90' lang='lat' dir='ltr'>aevo</span> <span class='ocrx_word' id='word_1_138' title='bbox 700 2207 870 2272; x_wconf 89' lang='lat' dir='ltr'>usitatam.</span> <span class='ocrx_word' id='word_1_139' title='bbox 914 2207 985 2271; x_wconf 93' lang='lat' dir='ltr'>Non</span> <span class='ocrx_word' id='word_1_140' title='bbox 1001 2206 1087 2272; x_wconf 88' lang='lat' dir='ltr'>vidit</span> <span class='ocrx_word' id='word_1_141' title='bbox 1102 2206 1300 2290; x_wconf 90' lang='lat' dir='ltr'>inferiorem,</span> <span class='ocrx_word' id='word_1_142' title='bbox 1323 2227 1419 2288; x_wconf 93' lang='lat' dir='ltr'>quem</span> <span class='ocrx_word' id='word_1_143' title='bbox 1435 2227 1535 2289; x_wconf 91' lang='lat' dir='ltr'>supra</span> 
     </span>
     <span class='ocr_line' id='line_1_19' title="bbox 356 2309 1531 2392; baseline 0 -18"><span class='ocrx_word' id='word_1_144' title='bbox 356 2326 386 2391; x_wconf 91' lang='lat' dir='ltr'>p.</span> <span class='ocrx_word' id='word_1_145' title='bbox 398 2311 440 2375; x_wconf 88' lang='lat'>46</span> <span class='ocrx_word' id='word_1_146' title='bbox 452 2313 486 2375; x_wconf 92' lang='lat' dir='ltr'>et</span> <span class='ocrx_word' id='word_1_147' title='bbox 498 2311 539 2374; x_wconf 88' lang='lat'>48</span> <span class='ocrx_word' id='word_1_148' title='bbox 557 2309 705 2392; x_wconf 73' lang='lat' dir='ltr'>diximus</span> <span class='ocrx_word' id='word_1_149' title='bbox 721 2309 886 2390; x_wconf 86' lang='lat' dir='ltr'>extispicii</span> <span class='ocrx_word' id='word_1_150' title='bbox 906 2311 1052 2392; x_wconf 88' lang='lat' dir='ltr'>gradum,</span> <span class='ocrx_word' id='word_1_151' title='bbox 1068 2309 1126 2375; x_wconf 94' lang='lat' dir='ltr'>ubi</span> <span class='ocrx_word' id='word_1_152' title='bbox 1141 2309 1232 2374; x_wconf 87' lang='lat' dir='ltr'>laeta</span> <span class='ocrx_word' id='word_1_153' title='bbox 1244 2315 1322 2374; x_wconf 89' lang='lat' dir='ltr'>exta</span> <span class='ocrx_word' id='word_1_154' title='bbox 1334 2310 1417 2374; x_wconf 86' lang='lat' dir='ltr'>nihil</span> <span class='ocrx_word' id='word_1_155' title='bbox 1429 2309 1531 2391; x_wconf 86' lang='lat' dir='ltr'>sigui-</span> 
     </span>
     <span class='ocr_line' id='line_1_20' title="bbox 356 2411 1534 2494; baseline 0 -18"><span class='ocrx_word' id='word_1_156' title='bbox 356 2413 502 2478; x_wconf 87' lang='lat' dir='ltr'>ficahant</span> <span class='ocrx_word' id='word_1_157' title='bbox 524 2413 588 2478; x_wconf 91' lang='lat' dir='ltr'>nisi</span> <span class='ocrx_word' id='word_1_158' title='bbox 612 2412 726 2494; x_wconf 85' lang='lat' dir='ltr'>augeri</span> <span class='ocrx_word' id='word_1_159' title='bbox 746 2414 884 2492; x_wconf 90' lang='lat' dir='ltr'>quodam</span> <span class='ocrx_word' id='word_1_160' title='bbox 905 2412 996 2477; x_wconf 93' lang='lat' dir='ltr'>modo</span> <span class='ocrx_word' id='word_1_161' title='bbox 1011 2411 1288 2493; x_wconf 85' lang='lat' dir='ltr'>interrogantium</span> <span class='ocrx_word' id='word_1_162' title='bbox 1311 2411 1534 2478; x_wconf 85' lang='lat' dir='ltr'>condiciones:</span> 
     </span>
    </p>
   </div>
   <div class='ocr_carea' id='block_1_3' title="bbox 251 2514 1533 2598">
    <p class='ocr_par' dir='ltr' id='par_1_4' title="bbox 251 2514 1533 2598">
     <span class='ocr_line' id='line_1_21' title="bbox 251 2514 1533 2598; baseline 0 -18"><span class='ocrx_word' id='word_1_163' title='bbox 251 2546 253 2550; x_wconf 95' lang='lat'>·</span> <span class='ocrx_word' id='word_1_164' title='bbox 356 2534 419 2595; x_wconf 88' lang='lat' dir='ltr'>quo</span> <span class='ocrx_word' id='word_1_165' title='bbox 441 2516 476 2580; x_wconf 93' lang='lat' dir='ltr'>in</span> <span class='ocrx_word' id='word_1_166' title='bbox 492 2514 628 2598; x_wconf 87' lang='lat' dir='ltr'>augurio</span> <span class='ocrx_word' id='word_1_167' title='bbox 644 2515 795 2597; x_wconf 87' lang='lat' dir='ltr'>singulae</span> <span class='ocrx_word' id='word_1_168' title='bbox 811 2533 864 2580; x_wconf 93' lang='lat' dir='ltr'>res</span> <span class='ocrx_word' id='word_1_169' title='bbox 878 2517 1016 2581; x_wconf 90' lang='lat' dir='ltr'>nondum</span> <span class='ocrx_word' id='word_1_170' title='bbox 1033 2514 1215 2580; x_wconf 86' lang='lat' dir='ltr'>disiunctae</span> <span class='ocrx_word' id='word_1_171' title='bbox 1234 2519 1332 2580; x_wconf 88' lang='lat' dir='ltr'>erant</span> <span class='ocrx_word' id='word_1_172' title='bbox 1347 2519 1382 2580; x_wconf 91' lang='lat' dir='ltr'>et</span> <span class='ocrx_word' id='word_1_173' title='bbox 1397 2515 1533 2580; x_wconf 92' lang='lat' dir='ltr'>circum-</span> 
     </span>
    </p>
   </div>
   <div class='ocr_carea' id='block_1_4' title="bbox 353 2617 1535 4034">
    <p class='ocr_par' dir='ltr' id='par_1_5' title="bbox 353 2617 1535 4034">
     <span class='ocr_line' id='line_1_22' title="bbox 356 2617 1532 2700; baseline 0 -17"><span class='ocrx_word' id='word_1_174' title='bbox 356 2619 509 2700; x_wconf 85' lang='lat' dir='ltr'>scriptae,</span> <span class='ocrx_word' id='word_1_175' title='bbox 529 2619 667 2684; x_wconf 87' lang='lat' dir='ltr'>necdum</span> <span class='ocrx_word' id='word_1_176' title='bbox 682 2617 858 2683; x_wconf 88' lang='lat' dir='ltr'>exstiterat</span> <span class='ocrx_word' id='word_1_177' title='bbox 874 2621 1023 2683; x_wconf 93' lang='lat' dir='ltr'>extorum</span> <span class='ocrx_word' id='word_1_178' title='bbox 1039 2636 1112 2682; x_wconf 93' lang='lat' dir='ltr'>cum</span> <span class='ocrx_word' id='word_1_179' title='bbox 1133 2618 1251 2683; x_wconf 88' lang='lat' dir='ltr'>lucello</span> <span class='ocrx_word' id='word_1_180' title='bbox 1274 2617 1412 2699; x_wconf 89' lang='lat' dir='ltr'>reliquis</span> <span class='ocrx_word' id='word_1_181' title='bbox 1433 2619 1532 2684; x_wconf 88' lang='lat' dir='ltr'>rebus</span> 
     </span>
     <span class='ocr_line' id='line_1_23' title="bbox 356 2720 1533 2801; baseline 0.001 -16"><span class='ocrx_word' id='word_1_182' title='bbox 356 2720 507 2786; x_wconf 90' lang='lat' dir='ltr'>humanis</span> <span class='ocrx_word' id='word_1_183' title='bbox 530 2739 701 2786; x_wconf 90' lang='lat' dir='ltr'>connexus.</span> <span class='ocrx_word' id='word_1_184' title='bbox 745 2720 920 2801; x_wconf 90' lang='lat' dir='ltr'>Postquam</span> <span class='ocrx_word' id='word_1_185' title='bbox 937 2724 1046 2786; x_wconf 92' lang='lat' dir='ltr'>autem</span> <span class='ocrx_word' id='word_1_186' title='bbox 1061 2722 1104 2786; x_wconf 89' lang='lat' dir='ltr'>ad</span> <span class='ocrx_word' id='word_1_187' title='bbox 1120 2721 1228 2786; x_wconf 91' lang='lat' dir='ltr'>omnia</span> <span class='ocrx_word' id='word_1_188' title='bbox 1243 2725 1408 2786; x_wconf 87' lang='lat' dir='ltr'>momenta</span> <span class='ocrx_word' id='word_1_189' title='bbox 1423 2724 1533 2786; x_wconf 91' lang='lat' dir='ltr'>trans·</span> 
     </span>
     <span class='ocr_line' id='line_1_24' title="bbox 355 2822 1534 2905; baseline 0.002 -17"><span class='ocrx_word' id='word_1_190' title='bbox 355 2824 427 2889; x_wconf 91' lang='lat' dir='ltr'>lata</span> <span class='ocrx_word' id='word_1_191' title='bbox 450 2829 502 2888; x_wconf 86' lang='lat' dir='ltr'>est</span> <span class='ocrx_word' id='word_1_192' title='bbox 520 2823 707 2904; x_wconf 90' lang='lat' dir='ltr'>sympathia</span> <span class='ocrx_word' id='word_1_193' title='bbox 721 2822 790 2905; x_wconf 88' lang='lat' dir='ltr'>illa,</span> <span class='ocrx_word' id='word_1_194' title='bbox 813 2827 881 2887; x_wconf 92' lang='lat' dir='ltr'>tum</span> <span class='ocrx_word' id='word_1_195' title='bbox 900 2822 1021 2888; x_wconf 89' lang='lat' dir='ltr'>dicitur</span> <span class='ocrx_word' id='word_1_196' title='bbox 1042 2842 1097 2888; x_wconf 90' lang='lat' dir='ltr'>cor</span> <span class='ocrx_word' id='word_1_197' title='bbox 1115 2823 1147 2887; x_wconf 92' lang='lat' dir='ltr'>iu</span> <span class='ocrx_word' id='word_1_198' title='bbox 1165 2823 1251 2888; x_wconf 88' lang='lat' dir='ltr'>extis</span> <span class='ocrx_word' id='word_1_199' title='bbox 1266 2823 1420 2889; x_wconf 85' lang='lat' dir='ltr'>deficiens</span> <span class='ocrx_word' id='word_1_200' title='bbox 1443 2841 1534 2904; x_wconf 87' lang='lat' dir='ltr'>speu-</span> 
     </span>
     <span class='ocr_line' id='line_1_25' title="bbox 356 2924 1533 3008; baseline -0.001 -18"><span class='ocrx_word' id='word_1_201' title='bbox 356 2930 430 2991; x_wconf 90' lang='lat' dir='ltr'>tare</span> <span class='ocrx_word' id='word_1_202' title='bbox 459 2927 502 2990; x_wconf 91' lang='lat' dir='ltr'>ad</span> <span class='ocrx_word' id='word_1_203' title='bbox 531 2929 669 2989; x_wconf 91' lang='lat' dir='ltr'>mortem</span> <span class='ocrx_word' id='word_1_204' title='bbox 696 2930 887 3007; x_wconf 86' lang='lat' dir='ltr'>propterea,</span> <span class='ocrx_word' id='word_1_205' title='bbox 921 2927 1007 3005; x_wconf 90' lang='lat' dir='ltr'>quod</span> <span class='ocrx_word' id='word_1_206' title='bbox 1035 2927 1098 2989; x_wconf 83' lang='lat' dir='ltr'>otto</span> <span class='ocrx_word' id='word_1_207' title='bbox 1127 2925 1259 2989; x_wconf 83' lang='lat' dir='ltr'>ocorde</span> <span class='ocrx_word' id='word_1_208' title='bbox 1280 2924 1533 3008; x_wconf 57' lang='lat' dir='ltr'>pausatura)</span> 
     </span>
     <span class='ocr_line' id='line_1_26' title="bbox 356 3027 1534 3110; baseline 0.002 -19"><span class='ocrx_word' id='word_1_209' title='bbox 356 3027 443 3092; x_wconf 90' lang='lat' dir='ltr'>Item</span> <span class='ocrx_word' id='word_1_210' title='bbox 471 3027 653 3107; x_wconf 88' lang='lat' dir='ltr'>posteriore</span> <span class='ocrx_word' id='word_1_211' title='bbox 681 3045 763 3092; x_wconf 87' lang='lat' dir='ltr'>aevo</span> <span class='ocrx_word' id='word_1_212' title='bbox 797 3027 996 3094; x_wconf 87' lang='lat' dir='ltr'>sententiam</span> <span class='ocrx_word' id='word_1_213' title='bbox 1025 3029 1269 3110; x_wconf 68' lang='lat' dir='ltr'>temperamento</span> <span class='ocrx_word' id='word_1_214' title='bbox 1290 3047 1418 3110; x_wconf 90' lang='lat' dir='ltr'>quoque</span> <span class='ocrx_word' id='word_1_215' title='bbox 1449 3047 1534 3109; x_wconf 87' lang='lat' dir='ltr'>quae</span> 
     </span>
     <span class='ocr_line' id='line_1_27' title="bbox 355 3130 1535 3211; baseline 0.001 -16"><span class='ocrx_word' id='word_1_216' title='bbox 355 3135 516 3196; x_wconf 85' lang='lat' dir='ltr'>vocantur</span> <span class='ocrx_word' id='word_1_217' title='bbox 553 3131 596 3193; x_wconf 94' lang='lat' dir='ltr'>ad</span> <span class='ocrx_word' id='word_1_218' title='bbox 631 3147 700 3194; x_wconf 91' lang='lat' dir='ltr'>rem</span> <span class='ocrx_word' id='word_1_219' title='bbox 736 3130 975 3211; x_wconf 90' lang='lat' dir='ltr'>explanandam</span> <span class='ocrx_word' id='word_1_220' title='bbox 1012 3131 1156 3197; x_wconf 84' lang='lat' dir='ltr'>delatam</span> <span class='ocrx_word' id='word_1_221' title='bbox 1193 3149 1264 3198; x_wconf 87' lang='lat' dir='ltr'>esse</span> <span class='ocrx_word' id='word_1_222' title='bbox 1305 3150 1398 3197; x_wconf 89' lang='lat' dir='ltr'>nemo</span> <span class='ocrx_word' id='word_1_223' title='bbox 1435 3130 1535 3198; x_wconf 84' lang='lat' dir='ltr'>facile</span> 
     </span>
     <span class='ocr_line' id='line_1_28' title="bbox 355 3231 1534 3316; baseline 0 -18"><span class='ocrx_word' id='word_1_224' title='bbox 355 3231 501 3313; x_wconf 88' lang='lat' dir='ltr'>negabit.</span> <span class='ocrx_word' id='word_1_225' title='bbox 511 3231 537 3316; x_wconf 75' lang='grc'>4)</span> <span class='ocrx_word' id='word_1_226' title='bbox 589 3231 654 3297; x_wconf 87' lang='lat' dir='ltr'>Sed</span> <span class='ocrx_word' id='word_1_227' title='bbox 684 3250 747 3296; x_wconf 94' lang='lat' dir='ltr'>non</span> <span class='ocrx_word' id='word_1_228' title='bbox 781 3234 822 3297; x_wconf 91' lang='lat' dir='ltr'>de</span> <span class='ocrx_word' id='word_1_229' title='bbox 851 3234 912 3298; x_wconf 89' lang='lat' dir='ltr'>hae</span> <span class='ocrx_word' id='word_1_230' title='bbox 942 3234 1109 3316; x_wconf 90' lang='lat' dir='ltr'>doctriua,</span> <span class='ocrx_word' id='word_1_231' title='bbox 1146 3237 1311 3315; x_wconf 90' lang='lat' dir='ltr'>quatenus</span> <span class='ocrx_word' id='word_1_232' title='bbox 1348 3238 1400 3299; x_wconf 89' lang='lat' dir='ltr'>est</span> <span class='ocrx_word' id='word_1_233' title='bbox 1428 3232 1534 3314; x_wconf 92' lang='lat' dir='ltr'>philo·</span> 
     </span>
     <span class='ocr_line' id='line_1_29' title="bbox 355 3333 1535 3420; baseline -0.001 -20"><span class='ocrx_word' id='word_1_234' title='bbox 355 3335 496 3418; x_wconf 91' lang='lat' dir='ltr'>sophica,</span> <span class='ocrx_word' id='word_1_235' title='bbox 520 3335 668 3416; x_wconf 87' lang='lat' dir='ltr'>cogitare</span> <span class='ocrx_word' id='word_1_236' title='bbox 691 3333 806 3420; x_wconf 80' lang='lat' dir='ltr'>licet.⁶)</span> <span class='ocrx_word' id='word_1_237' title='bbox 850 3335 933 3400; x_wconf 88' lang='lat' dir='ltr'>Nam</span> <span class='ocrx_word' id='word_1_238' title='bbox 956 3353 997 3402; x_wconf 91' lang='lat' dir='ltr'>ea</span> <span class='ocrx_word' id='word_1_239' title='bbox 1018 3336 1060 3401; x_wconf 90' lang='lat' dir='ltr'>ab</span> <span class='ocrx_word' id='word_1_240' title='bbox 1086 3335 1252 3419; x_wconf 78' lang='lat' dir='ltr'>Eleaticis,</span> <span class='ocrx_word' id='word_1_241' title='bbox 1282 3335 1337 3416; x_wconf 89' lang='lat' dir='ltr'>qui</span> <span class='ocrx_word' id='word_1_242' title='bbox 1367 3339 1535 3418; x_wconf 89' lang='lat' dir='ltr'>vocantur,</span> 
     </span>
     <span class='ocr_line' id='line_1_30' title="bbox 355 3437 1531 3520; baseline 0.002 -19"><span class='ocrx_word' id='word_1_243' title='bbox 355 3437 556 3519; x_wconf 90' lang='lat' dir='ltr'>philosophis</span> <span class='ocrx_word' id='word_1_244' title='bbox 586 3438 718 3503; x_wconf 90' lang='lat' dir='ltr'>exculta</span> <span class='ocrx_word' id='word_1_245' title='bbox 747 3442 812 3519; x_wconf 78' lang='lat' dir='ltr'>est3</span> <span class='ocrx_word' id='word_1_246' title='bbox 842 3444 1005 3518; x_wconf 87' lang='lat' dir='ltr'>quatenus</span> <span class='ocrx_word' id='word_1_247' title='bbox 1035 3456 1113 3520; x_wconf 89' lang='lat' dir='ltr'>ergo</span> <span class='ocrx_word' id='word_1_248' title='bbox 1143 3457 1184 3503; x_wconf 91' lang='lat' dir='ltr'>ex</span> <span class='ocrx_word' id='word_1_249' title='bbox 1212 3438 1265 3502; x_wconf 94' lang='lat' dir='ltr'>his</span> <span class='ocrx_word' id='word_1_250' title='bbox 1294 3439 1427 3518; x_wconf 89' lang='lat' dir='ltr'>pendet,</span> <span class='ocrx_word' id='word_1_251' title='bbox 1457 3439 1531 3503; x_wconf 91' lang='lat' dir='ltr'>doc-</span> 
     </span>
     <span class='ocr_line' id='line_1_31' title="bbox 355 3539 1534 3622; baseline 0.001 -18"><span class='ocrx_word' id='word_1_252' title='bbox 355 3539 554 3606; x_wconf 91' lang='lat' dir='ltr'>tissimorum</span> <span class='ocrx_word' id='word_1_253' title='bbox 587 3540 751 3605; x_wconf 90' lang='lat' dir='ltr'>homiuum</span> <span class='ocrx_word' id='word_1_254' title='bbox 790 3539 885 3606; x_wconf 93' lang='lat' dir='ltr'>nobis</span> <span class='ocrx_word' id='word_1_255' title='bbox 917 3542 1057 3622; x_wconf 90' lang='lat' dir='ltr'>praebet</span> <span class='ocrx_word' id='word_1_256' title='bbox 1090 3539 1297 3621; x_wconf 87' lang='lat' dir='ltr'>senteutiam,</span> <span class='ocrx_word' id='word_1_257' title='bbox 1330 3557 1395 3604; x_wconf 92' lang='lat' dir='ltr'>non</span> <span class='ocrx_word' id='word_1_258' title='bbox 1426 3539 1534 3620; x_wconf 91' lang='lat' dir='ltr'>plebis</span> 
     </span>
     <span class='ocr_line' id='line_1_32' title="bbox 354 3641 1532 3725; baseline -0.002 -17"><span class='ocrx_word' id='word_1_259' title='bbox 354 3641 525 3724; x_wconf 85' lang='lat' dir='ltr'>vulgarem</span> <span class='ocrx_word' id='word_1_260' title='bbox 548 3642 732 3723; x_wconf 92' lang='lat' dir='ltr'>opinionem</span> <span class='ocrx_word' id='word_1_261' title='bbox 755 3645 797 3707; x_wconf 95' lang='lat' dir='ltr'>ad</span> <span class='ocrx_word' id='word_1_262' title='bbox 820 3661 916 3722; x_wconf 89' lang='lat' dir='ltr'>quam</span> <span class='ocrx_word' id='word_1_263' title='bbox 946 3643 1027 3709; x_wconf 91' lang='lat' dir='ltr'>illud</span> <span class='ocrx_word' id='word_1_264' title='bbox 1054 3642 1162 3725; x_wconf 92' lang='lat' dir='ltr'>plebis</span> <span class='ocrx_word' id='word_1_265' title='bbox 1192 3641 1401 3723; x_wconf 86' lang='lat' dir='ltr'>extispicium</span> <span class='ocrx_word' id='word_1_266' title='bbox 1430 3642 1532 3708; x_wconf 88' lang='lat' dir='ltr'>solum</span> 
     </span>
     <span class='ocr_line' id='line_1_33' title="bbox 354 3743 1532 3827; baseline 0.002 -20"><span class='ocrx_word' id='word_1_267' title='bbox 354 3761 510 3808; x_wconf 89' lang='lat' dir='ltr'>revocare</span> <span class='ocrx_word' id='word_1_268' title='bbox 532 3743 618 3809; x_wconf 90' lang='lat' dir='ltr'>lieet.</span> <span class='ocrx_word' id='word_1_269' title='bbox 662 3745 898 3826; x_wconf 87' lang='lat' dir='ltr'>Xenophanem</span> <span class='ocrx_word' id='word_1_270' title='bbox 925 3750 1036 3810; x_wconf 90' lang='lat' dir='ltr'>autem</span> <span class='ocrx_word' id='word_1_271' title='bbox 1051 3746 1245 3811; x_wconf 82' lang='lat' dir='ltr'>Eleatarum</span> <span class='ocrx_word' id='word_1_272' title='bbox 1261 3744 1442 3827; x_wconf 91' lang='lat' dir='ltr'>principem</span> <span class='ocrx_word' id='word_1_273' title='bbox 1458 3763 1532 3810; x_wconf 87' lang='lat' dir='ltr'>con-</span> 
     </span>
     <span class='ocr_line' id='line_1_34' title="bbox 353 3845 1532 3929; baseline 0.003 -20"><span class='ocrx_word' id='word_1_274' title='bbox 353 3845 442 3909; x_wconf 85' lang='lat' dir='ltr'>sulto</span> <span class='ocrx_word' id='word_1_275' title='bbox 460 3863 608 3927; x_wconf 86' lang='lat' dir='ltr'>pugnare</span> <span class='ocrx_word' id='word_1_276' title='bbox 623 3851 738 3912; x_wconf 88' lang='lat' dir='ltr'>contra</span> <span class='ocrx_word' id='word_1_277' title='bbox 751 3847 858 3929; x_wconf 91' lang='lat' dir='ltr'>plebis</span> <span class='ocrx_word' id='word_1_278' title='bbox 878 3846 1070 3929; x_wconf 88' lang='lat' dir='ltr'>religionem</span> <span class='ocrx_word' id='word_1_279' title='bbox 1089 3847 1294 3914; x_wconf 89' lang='lat' dir='ltr'>notissimum</span> <span class='ocrx_word' id='word_1_280' title='bbox 1316 3854 1377 3913; x_wconf 88' lang='lat' dir='ltr'>est.</span> <span class='ocrx_word' id='word_1_281' title='bbox 1421 3849 1532 3928; x_wconf 72' lang='lat' dir='ltr'>ritune</span> 
     </span>
     <span class='ocr_line' id='line_1_35' title="bbox 356 3945 1534 4034; baseline 0.003 -22"><span class='ocrx_word' id='word_1_282' title='bbox 356 3945 520 4028; x_wconf 88' lang='lat' dir='ltr'>expressis</span> <span class='ocrx_word' id='word_1_283' title='bbox 534 3947 647 4014; x_wconf 87' lang='lat' dir='ltr'>verbis</span> <span class='ocrx_word' id='word_1_284' title='bbox 659 3950 806 4015; x_wconf 89' lang='lat' dir='ltr'>traditur</span> <span class='ocrx_word' id='word_1_285' title='bbox 821 3968 892 4015; x_wconf 91' lang='lat' dir='ltr'>eum</span> <span class='ocrx_word' id='word_1_286' title='bbox 908 3949 1144 4017; x_wconf 90' lang='lat' dir='ltr'>divinationem</span> <span class='ocrx_word' id='word_1_287' title='bbox 1155 3950 1306 4017; x_wconf 88' lang='lat' dir='ltr'>funditus</span> <span class='ocrx_word' id='word_1_288' title='bbox 1322 3949 1534 4034; x_wconf 76' lang='lat' dir='ltr'>sustulisse.⁶)</span> 
     </span>
    </p>
   </div>
   <div class='ocr_carea' id='block_1_5' title="bbox 441 4116 1534 4445">
    <p class='ocr_par' dir='ltr' id='par_1_6' title="bbox 443 4116 1141 4187">
     <span class='ocr_line' id='line_1_36' title="bbox 443 4116 1141 4187; baseline 0.003 -16"><span class='ocrx_word' id='word_1_289' title='bbox 443 4116 462 4185; x_wconf 86' lang='lat'>1)</span> <span class='ocrx_word' id='word_1_290' title='bbox 481 4117 521 4171; x_wconf 83' lang='lat' dir='ltr'>Gi.</span> <span class='ocrx_word' id='word_1_291' title='bbox 540 4133 622 4187; x_wconf 86' lang='lat' dir='ltr'>supra</span> <span class='ocrx_word' id='word_1_292' title='bbox 640 4135 665 4186; x_wconf 92' lang='lat' dir='ltr'>p.</span> <span class='ocrx_word' id='word_1_293' title='bbox 684 4118 725 4174; x_wconf 86' lang='lat'>39.</span> <span class='ocrx_word' id='word_1_294' title='bbox 882 4119 902 4181; x_wconf 67' lang='lat'>²)</span> <span class='ocrx_word' id='word_1_295' title='bbox 920 4121 961 4176; x_wconf 93' lang='lat' dir='ltr'>De</span> <span class='ocrx_word' id='word_1_296' title='bbox 979 4121 1033 4175; x_wconf 89' lang='lat' dir='ltr'>div.</span> <span class='ocrx_word' id='word_1_297' title='bbox 1053 4121 1141 4174; x_wconf 83' lang='lat'>1134.</span> 
     </span>
    </p>

    <p class='ocr_par' dir='ltr' id='par_1_7' title="bbox 441 4201 1534 4357">
     <span class='ocr_line' id='line_1_37' title="bbox 442 4201 1534 4274; baseline 0.004 -18"><span class='ocrx_word' id='word_1_298' title='bbox 442 4201 463 4271; x_wconf 81' lang='lat'>⁸)</span> <span class='ocrx_word' id='word_1_299' title='bbox 482 4202 536 4257; x_wconf 84' lang='lat' dir='ltr'>Oia.</span> <span class='ocrx_word' id='word_1_300' title='bbox 555 4204 588 4257; x_wconf 87' lang='lat' dir='ltr'>de</span> <span class='ocrx_word' id='word_1_301' title='bbox 606 4204 660 4258; x_wconf 84' lang='lat' dir='ltr'>div.</span> <span class='ocrx_word' id='word_1_302' title='bbox 679 4205 694 4258; x_wconf 96' lang='grc' dir='ltr'>Ι</span> <span class='ocrx_word' id='word_1_303' title='bbox 712 4204 775 4272; x_wconf 87' lang='grc'>118;</span> <span class='ocrx_word' id='word_1_304' title='bbox 793 4205 854 4259; x_wconf 85' lang='lat' dir='ltr'>Val.</span> <span class='ocrx_word' id='word_1_305' title='bbox 873 4207 944 4260; x_wconf 85' lang='lat' dir='ltr'>Max.</span> <span class='ocrx_word' id='word_1_306' title='bbox 963 4206 1019 4260; x_wconf 83' lang='lat'>16.</span> <span class='ocrx_word' id='word_1_307' title='bbox 1219 4205 1240 4273; x_wconf 75' lang='lat'>⁴)</span> <span class='ocrx_word' id='word_1_308' title='bbox 1262 4205 1329 4261; x_wconf 87' lang='lat' dir='ltr'>Vide</span> <span class='ocrx_word' id='word_1_309' title='bbox 1348 4220 1430 4274; x_wconf 85' lang='lat' dir='ltr'>supra</span> <span class='ocrx_word' id='word_1_310' title='bbox 1447 4220 1473 4273; x_wconf 89' lang='lat' dir='ltr'>p.</span> <span class='ocrx_word' id='word_1_311' title='bbox 1491 4205 1534 4260; x_wconf 79' lang='grc'>37.</span> 
     </span>
     <span class='ocr_line' id='line_1_38' title="bbox 441 4287 987 4357; baseline 0.009 -16"><span class='ocrx_word' id='word_1_312' title='bbox 441 4287 463 4355; x_wconf 79' lang='lat'>⁵)</span> <span class='ocrx_word' id='word_1_313' title='bbox 482 4287 558 4354; x_wconf 81' lang='lat' dir='ltr'>Quod</span> <span class='ocrx_word' id='word_1_314' title='bbox 575 4295 724 4357; x_wconf 87' lang='lat' dir='ltr'>putaverat</span> <span class='ocrx_word' id='word_1_315' title='bbox 741 4290 915 4346; x_wconf 88' lang='lat' dir='ltr'>Deeckius</span> <span class='ocrx_word' id='word_1_316' title='bbox 933 4293 950 4346; x_wconf 92' lang='lat' dir='ltr'>l.</span> <span class='ocrx_word' id='word_1_317' title='bbox 969 4294 987 4346; x_wconf 91' lang='grc'>1.</span> 
     </span>
    </p>

    <p class='ocr_par' dir='ltr' id='par_1_8' title="bbox 442 4372 1208 4445">
     <span class='ocr_line' id='line_1_39' title="bbox 442 4372 1208 4445; baseline 0.009 -18"><span class='ocrx_word' id='word_1_318' title='bbox 442 4372 463 4442; x_wconf 84' lang='lat'>⁶)</span> <span class='ocrx_word' id='word_1_319' title='bbox 482 4374 537 4428; x_wconf 83' lang='lat' dir='ltr'>Oic.</span> <span class='ocrx_word' id='word_1_320' title='bbox 557 4375 590 4428; x_wconf 87' lang='lat' dir='ltr'>dc</span> <span class='ocrx_word' id='word_1_321' title='bbox 609 4374 664 4430; x_wconf 88' lang='lat' dir='ltr'>div.</span> <span class='ocrx_word' id='word_1_322' title='bbox 682 4375 745 4443; x_wconf 75' lang='lat'>153</span> <span class='ocrx_word' id='word_1_323' title='bbox 764 4375 808 4429; x_wconf 82' lang='lat' dir='ltr'>Pu.</span> <span class='ocrx_word' id='word_1_324' title='bbox 828 4375 901 4431; x_wconf 87' lang='lat' dir='ltr'>Plut.</span> <span class='ocrx_word' id='word_1_325' title='bbox 919 4379 952 4432; x_wconf 89' lang='lat' dir='ltr'>de</span> <span class='ocrx_word' id='word_1_326' title='bbox 969 4378 1039 4445; x_wconf 88' lang='lat' dir='ltr'>plac.</span> <span class='ocrx_word' id='word_1_327' title='bbox 1057 4377 1122 4445; x_wconf 92' lang='lat' dir='ltr'>phil.</span> <span class='ocrx_word' id='word_1_328' title='bbox 1140 4378 1166 4433; x_wconf 90' lang='lat' dir='ltr'><strong>V</strong></span> <span class='ocrx_word' id='word_1_329' title='bbox 1186 4376 1208 4433; x_wconf 93' lang='lat'>1.</span> 
     </span>
    </p>
   </div>
   <div class='ocr_carea' id='block_1_6' title="bbox 0 0 1758 5220">
    <p class='ocr_par' dir='ltr' id='par_1_9' title="bbox 0 0 1758 5220">
     <span class='ocr_line' id='line_1_40' title="bbox 0 0 1758 5220; baseline 0 0"><span class='ocrx_word' id='word_1_330' title='bbox 0 0 1758 5220; x_wconf 95' lang='lat' dir='ltr'> </span> 
     </span>
    </p>
   </div>
  </div>
 </body>
</html>
