3508 5068
217 431 251 518 9]
620 427 664 483 Do
682 427 823 498 extispicio
841 429 932 498 oapita
949 429 1003 484 tria
1337 430 1404 496 179

217 606 330 685 arat,
344 617 460 667 rursus
477 602 520 667 ad
531 598 845 682 superstitionem...
857 600 1343 668 revolutusAristandrum

217 704 449 786 explorare
479 703 678 770 eventum
706 721 844 770 rerum
875 701 1119 769 sacrifieiis
1149 703 1277 770 iubet.
1328 703 1400 770 Mos

218 813 291 873 erat
302 804 543 888 haruspicibus,
561 809 660 871 exta
674 805 768 872 sine
782 824 882 888 roga
898 810 1101 887 spectare
1115 811 1158 888 st,
1174 824 1257 886 quae
1268 809 1399 887 porten-

218 911 383 992 darentur,
405 907 590 974 referre...
611 909 668 973 22:
691 907 889 974 Aristander
904 912 1100 991 ooourrerat,
1123 906 1279 974 tristia
1300 911 1400 974 exta

217 1011 351 1077 fuisse
380 1009 649 1093 significans
669 1061 676 1076 .
699 1062 706 1076 .
729 1061 736 1076 .
759 1011 816 1076 29:
840 1009 1049 1078 Consultanti
1070 1009 1148 1078 iude
1171 1062 1177 1075 .
1200 1062 1207 1075 .
1229 1060 1236 1075 .
1259 1028 1399 1091 quonam

217 1115 311 1180 modo
347 1112 470 1178 flumen
505 1110 699 1197 transirent,
721 1112 913 1195 supervenit
935 1113 1149 1195 Aristander,
1182 1123 1263 1180 non
1284 1111 1398 1179 alias

216 1213 409 1282 laetiora
442 1219 542 1281 exta
572 1214 737 1282 vidisse
774 1234 818 1281 se
850 1215 1044 1299 adfirmans,
1081 1214 1196 1297 utique
1233 1213 1399 1296 prioribus

216 1319 316 1400 longe
348 1315 495 1385 divorsa:
533 1321 603 1382 tum
637 1316 870 1384 sollicitudinis
900 1335 1016 1384 oausas
1050 1316 1258 1401 adparuisse,
1292 1335 1400 1382 nuno

218 1437 396 1500 prorsus
419 1419 596 1504 egregie
617 1420 795 1486 litatum
818 1439 919 1486 esse.

302 1572 411 1638 Plut.
435 1573 529 1638 Alex.
546 1573 602 1639 73:
620 1570 757 1636 Ἔπειτα
776 1573 940 1658 μηνύσειας
960 1576 1129 1659 γενομένης
1150 1571 1232 1636 κατὰ
1248 1570 1398 1635 hosomo,
1450 1568 1458 1585 x
1550 1529 1557 1575 ί

218 1672 323 1761 δώρου
345 1684 403 1739 τοῦ
423 1684 600 1760 στρατηγοῦ
620 1682 675 1759 τῆς
694 1673 898 1757 Βαβυλῶνος,
933 1673 978 1750 ὡς
999 1672 1047 1761 ε’ίη
1076 1674 1153 1760 περὶ
1183 1673 1279 1738 αὐτοῦ
1308 1675 1399 1736 τεθυ-

215 1780 321 1857 μένος,
344 1771 451 1841 ἐκάλει
473 1775 671 1858 Πυθαγόραν
692 1774 747 1840 τὸν
764 1778 878 1858 μάντιν
900 1823 956 1843 ,..
978 1774 1161 1861 ἠρώτησε
1182 1787 1259 1838 τῶν
1280 1774 1400 1860 ἱερῶν

216 1878 285 1943 τὸν
312 1879 481 1964 τρόπον.
515 1880 728 1964 φήσαντος
757 1877 816 1956 ds,
851 1877 987 1942 ὅτιτὸ
1016 1874 1126 1964 ἧπαρ
1152 1872 1195 1963 ἦν
1229 1877 1397 1961 άλοβον·
1449 1882 1458 1911 s
1589 1867 1595 1880 “

217 1983 407 2065 ,παπαῖῇ
431 1975 552 2045 εἶπεν
573 1981 760 2067 ,ἰσχυρὸν
780 1979 824 2047 τὸ
846 1983 1076 2068 σημεῖονῆῑ)

305 2117 477 2185 Arrian.
506 2119 612 2184 Anab.
642 2119 708 2185 VII
743 2121 792 2202 18,
826 2121 961 2200 2seqq.:
996 2120 1138 2183 θύεσθαι
1173 2116 1210 2203 δὴ
1242 2116 1296 2183 τὸν
1325 2127 1400 2182 Πει-

217 2219 366 2306 θαγόραν
387 2231 504 2306 πρῶτα
526 2219 585 2302 μὲν
607 2215 664 2283 ἐπὶ
684 2230 728 2304 τῷ
750 2220 957 2306 Ἡφαιστίωνι
1058 2219 1128 2285 ἐπὶ
1148 2231 1220 2285 τοῦ
1239 2219 1399 2308 ἥπατος

216 2334 287 2388 τοῦ
310 2322 470 2409 ἱερείου
493 2321 510 2388 ὃ
539 2322 665 2406 λοβὸς
688 2322 848 2408 ἀφανὴς
876 2317 920 2408 ἦν
1023 2324 1269 2409 τελευτῆσαι
1289 2322 1399 2406 Ἡφαι-

216 2427 333 2490 στίωνα
347 2475 353 2488 .
368 2472 395 2492 ..
412 2428 448 2494 3:
464 2419 562 2503 αὖθις
577 2424 612 2490 δὲ
626 2427 771 2490 θύεσθαι
785 2425 839 2489 τὸν
853 2426 1062 2513 Πειθαγόραν
1083 2421 1140 2490 ἐπὶ
1153 2436 1198 2510 τῳ
1208 2424 1401 2512 Ἀλεξάνδρῳ

217 2527 465 2620 καὶιγενέσθαι
508 2527 563 2593 καὶ
601 2523 654 2591 ἐπ’
690 2527 885 2616 Ἀλεξάνδρῳ
924 2527 1075 2611 ἀλοβον
1109 2527 1152 2592 τὸ
1189 2524 1298 2614 ἧπαρ
1330 2539 1400 2591 τοῦ

217 2630 375 2717 ἱερείου
389 2677 396 2693 .
410 2677 417 2693 .
431 2684 437 2697 .
452 2634 488 2698 4:
504 2630 710 2718 Ἀλέξανδρος
725 2684 732 2697 .
745 2683 751 2697 .
764 2684 770 2698 .
785 2630 877 2716 ἤρετο
892 2629 967 2695 ὅτου
982 2635 1151 2715 γενομένου
1167 2631 1251 2714 αὐτῷ
1267 2633 1400 2718 σημείου
1432 2688 1434 2692 .

219 2780 225 2795 .
252 2783 257 2797 .
282 2787 289 2800 .
311 2733 366 2798 τὸν
388 2732 423 2798 ἀὲ
450 2731 563 2818 εἰπεῖν,
593 2733 657 2798 ὅτι
687 2733 841 2817 άλοβόν
863 2733 902 2798 οὶ
929 2732 972 2796 τὸ
1001 2727 1111 2820 ἧπαρ
1138 2728 1300 2815 ἐγένετο
1329 2744 1400 2797 τοῦ

217 2835 386 2921 ἱερείου.
411 2835 562 2921 ἐρομένου
578 2834 614 2899 δὲ
630 2835 649 2900 ό
662 2859 694 2899 τι
709 2845 781 2900 νοοῖ
793 2834 829 2900 τὸ
845 2845 976 2921 σημεῖον
990 2840 1073 2920 μέγα
1087 2835 1191 2900 εἰπεῖν
1205 2830 1287 2900 είναι
1307 2835 1398 2916 χαλε-

96 2959 114 2966 *
216 2937 281 3002 πόν
292 2991 299 3006 .
312 2991 318 3004 .
333 2991 339 3004 .
355 2939 390 3004 5:
407 2937 462 3002 καὶ
483 2936 646 3023 Περδίκκᾳ
668 2936 704 3002 δὲ
719 2940 963 3020 μαντεύσασθαι
984 2936 1096 3004 αὐτὸν.
1112 2988 1139 3002 ..
1161 2938 1216 3003 καὶ
1237 2938 1400 3023 Ἀντιγόνῳ

217 3041 322 3126 χρόνῳ
337 3041 476 3126 ύστερον.
501 3041 627 3106 καὶτοῦ
641 3041 738 3105 αὐτοῦ
753 3045 884 3124 σημείου
900 3041 1024 3127 ἀμφοῖν
1037 3047 1205 3125 γενομένου
1220 3039 1398 3127 Περδίκκαν

218 3190 225 3205 .
251 3191 258 3206 .
282 3191 289 3206 .
315 3143 371 3208 καὶ
389 3143 563 3226 Ἀντίγονον
588 3194 594 3206 .
619 3191 626 3207 .
647 3198 653 3211 .
676 3143 865 3208 ἀποθανεῖν.

303 3281 415 3348 Plut.
438 3283 556 3365 Pyrrh.
579 3284 638 3350 30:
673 3289 724 3366 Τῷ
754 3280 789 3346 δὲ
819 3283 964 3367 Πύρρῳ
994 3283 1222 3368 προείρητο
1256 3279 1399 3344 ἐκτῶν

218 3381 343 3470 ἱερῶν
377 3383 542 3468 ἀλόβων
579 3389 814 3469 γενομένων
846 3381 911 3448 ἀπὸ
944 3395 1001 3448 τοῦ
1031 3386 1174 3466 μάντεως
1207 3381 1398 3467 ἀποβολή

217 3508 334 3562 τινος
356 3498 435 3552 τῶν
458 3484 709 3571 ἀναγκαίων,
814 3485 908 3562 αὐτὸς
931 3484 966 3550 δὲ
986 3486 1039 3570 τὴν
1061 3482 1352 3572 στρατιὰνύπηγεν.

303 3623 413 3690 Plnt.
443 3625 538 3689 Anat.
568 3625 625 3690 43:
663 3622 728 3687 Kal
753 3622 789 3686 τὸ
824 3633 955 3708 σημεῖον
985 3621 1167 3704 ἀντέβαινεν,
1198 3620 1243 3697 ὡς
1272 3624 1288 3684 ὁ
1318 3619 1398 3697 θεὸς

218 3722 275 3788 ἐπὶ
303 3735 366 3788 τῶν
391 3723 482 3808 ἱερῶν
505 3721 615 3804 ἔδειξε.
650 3728 774 3807 λέγεται
794 3723 855 3810 γὰρ
878 3724 915 3788 οὐ
944 3723 1010 3810 πρὸ
1031 3723 1154 3788 πολλοῦ
1173 3726 1324 3789 θύοντι
1344 3734 1396 3807 τῳ

211 3826 359 3912 Ἀράτῳ
398 3825 468 3890 δύο
505 3826 633 3906 χολὰς
669 3825 709 3891 έν
743 3827 872 3914 ἥπατι
915 3836 1097 3913 φανῆναι
1132 3837 1206 3912 μιηῖ
1242 3826 1397 3910 πιμελῇ

218 3935 342 4014 πἐριε
349 3950 396 4007 χο
403 3932 545 4010 μένας·
573 3930 628 3994 καὶ
657 3929 710 3994 τὸν
738 3932 853 4012 μάντιν
874 3930 986 4004 εἰπεῖν,
1017 3929 1062 4006 ὡς
1082 3930 1162 4010 ταχὺ
1182 3929 1267 4015 πρὸς
1284 3930 1325 3994 τὰ
1347 3925 1396 4009 ἕχ-

217 4032 317 4094 θιστα
338 4030 394 4095 καὶ
411 4031 640 4113 πολεμιώτατα
662 4034 799 4098 σύνεισιν
828 4030 875 4110 είς
904 4032 1002 4117 ἀκρον
1024 4032 1144 4118 φιλίαν.
1174 4032 1244 4098 τότε
1263 4032 1322 4113 μὲν
1343 4025 1397 4096 οὖν

217 4133 396 4220 παρήνεγκε
426 4133 462 4198 τὸ
500 4131 615 4220 ῥηθέν,
654 4133 729 4198 οὐδὲ
760 4133 865 4211 άλλως
892 4135 976 4199 πολὺ
1006 4139 1100 4218 νέμον
1128 4138 1268 4210 πίστεως
1300 4133 1398 4220 ἱεροῖς

217 4235 273 4300 καὶ
299 4236 522 4318 μαντεύμασιν,
555 4234 637 4300 ἀλλὰ
664 4246 708 4320 τῷ
738 4236 879 4321 λογισμῷ
909 4241 1071 4323 χρώμενος
1174 4237 1244 4302 τότε
1267 4235 1304 4321 δὴ
1325 4234 1397 4300 τὸν

307 4406 327 4474 ²)
346 4407 386 4462 df.
406 4407 525 4476 Appian.
545 4408 607 4463 bell.
625 4407 676 4463 eir.
696 4408 724 4462 ΙΙ
743 4408 806 4476 1oa;
825 4409 944 4463 Zonaras
962 4408 1003 4464 IV
1021 4408 1061 4460 14.
