3508 5068
342 401 404 466 190
798 398 933 469 Georgius
950 397 1064 454 Bleoher
1466 396 1523 486 [80

426 568 641 653 spirantis
670 574 794 636 artus
820 587 1002 651 poscens
1030 586 1239 650 responsa
1261 569 1467 636 sacerdos
1528 629 1530 636 .

426 691 472 740 ac
493 672 731 756 fugientem
746 671 911 740 animam
926 670 1176 753 properatis
1191 671 1385 738 consulit
1406 670 1521 738 extis.

426 824 497 891 Sil.
530 824 627 890 Ital.
648 824 730 888 Pun.
752 824 771 889 Ι
794 824 856 889 137
869 842 974 904 sequ:

1032 942 1358 1009 ...venientia
1386 943 1480 1012 fata

469 1046 580 1113 seire
610 1046 729 1111 ultra
751 1044 897 1114 vetnit
920 1046 1023 1112 Iuno
1046 1044 1276 1128 fibraeque
1298 1050 1479 1128 repente

470 1155 731 1223 conticuere.
754 1155 897 1222 latent
920 1173 1046 1222 casus
1068 1156 1272 1240 longique
1295 1156 1478 1224 labores.

428 1311 498 1378 Sil.
528 1312 625 1378 Ital.
652 1311 734 1378 Pun.
757 1312 787 1376 V
810 1312 872 1377 162
889 1330 971 1392 seq.:

1116 1464 1123 1478 .
1146 1465 1152 1479 .
1176 1464 1183 1479 .
1205 1413 1333 1480 Extis

470 1514 642 1596 quaesitae
671 1515 775 1584 fibrae
796 1534 967 1598 vanusque
988 1521 1136 1582 moratur
1158 1516 1331 1598 haruspex.

427 1667 539 1736 Suet.
562 1668 670 1735 Galba
700 1671 755 1735 19:
783 1669 911 1735 Prius
941 1688 1041 1737 vero
1071 1687 1191 1751 quam
1230 1669 1522 1753 occideretur,

343 1770 670 1838 sacrificantem
697 1790 793 1837 mane
814 1771 1030 1853 haruspex
1051 1770 1232 1838 identidem
1255 1773 1431 1848 monuit,
1454 1790 1522 1838 ca·

344 1878 469 1940 reret
490 1874 742 1957 periculum,
765 1893 844 1940 non
866 1875 992 1956 longe
1014 1892 1295 1956 percussores
1318 1877 1478 1941 abesse.

429 2028 522 2093 'Iac
543 2026 619 2092 hist.
642 2027 659 2092 Ι
685 2028 742 2092 27:
776 2027 895 2094 XVIII
916 2027 1013 2093 Febr.
1042 2026 1325 2094 sacrificanti
1351 2045 1409 2108 pro
1439 2029 1522 2094 aede

344 2129 508 2210 Apollinis
531 2127 696 2195 Galbae
718 2129 939 2210 haruspex
961 2129 1207 2196 Umbricius
1236 2128 1393 2194 tristia
1422 2135 1521 2196 exta

344 2235 387 2297 et
408 2231 629 2298 instantes
650 2230 839 2298 insidias
861 2251 906 2298 ac
927 2232 1386 2298 domesticumhostem
1402 2250 1522 2314 prae·

344 2332 504 2419 dicit,¹)
524 2333 681 2400 audiente
703 2334 832 2401 Othone
854 2333 942 2416 (nam
965 2334 1131 2417 proximus
1147 2333 1341 2418 adstiterat)
1363 2333 1463 2417 idque
1484 2325 1523 2401 ut

343 2436 468 2502 laetum
480 2454 498 2501 e
510 2435 675 2502 contrario
684 2440 719 2502 et
729 2435 798 2503 suis
807 2436 1065 2520 cogitationibus
1073 2455 1263 2518 prosperum
1272 2437 1524 2518 interpretante.

430 2591 519 2656 'Iac
549 2588 681 2658 hist.H
709 2591 766 2657 78:
796 2590 1088 2658 sacrificanti
1117 2591 1403 2674 Vespasiano,
1435 2610 1523 2658 cum

344 2710 439 2774 spes
468 2692 664 2760 occultas
701 2697 902 2760 versaret
932 2693 1084 2776 animo,
1119 2693 1286 2761 Basilides
1320 2695 1523 2760 sacerdos

343 2793 558 2875 inspectis
602 2794 781 2866 identidem
827 2796 944 2862 extis
988 2795 1210 2878 ‘quicquid
1246 2797 1336 2879 est’,
1379 2795 1524 2878 inquit

342 2896 635 2979 ‘vespasiana
658 2899 923 2980 quodparas,
939 2917 1012 2965 sen
1028 2901 1184 2965 demum
1201 2903 1429 2966 exstruere
1451 2916 1526 2966 seu

342 2999 568 3080 prolatare
604 3018 730 3081 agros
771 3000 865 3067 sive
905 3001 1115 3082 ampliare
1154 3001 1359 3084 servitia,
1397 3003 1525 3068 datur

343 3099 591 3185 tibimagna
609 3105 749 3185 sedes,
771 3102 976 3185 ingentes
991 3103 1185 3186 termini,
1204 3104 1380 3169 multum
1395 3103 1524 3170 homi·

343 3202 452 3268 num’
482 3203 557 3270 has
592 3206 791 3288 ambages
824 3211 867 3271 et
899 3204 1049 3271 statim
1082 3212 1317 3287 exceperat
1349 3204 1461 3269 fama
1490 3208 1526 3270 et

342 3308 445 3371 tunc
467 3306 708 3389 aperiebat:
724 3306 974 3388 necquicquam
987 3307 1093 3388 magis
1109 3306 1144 3371 in
1157 3325 1214 3372 ore
1228 3306 1327 3389 volgi.
1343 3305 1525 3372 crebriores

342 3410 429 3491 apud
451 3407 558 3492 ipsum
582 3428 754 3492 sermones,
776 3413 900 3490 quanto
923 3408 1134 3492 sperantibus
1156 3410 1253 3491 plura
1276 3409 1438 3476 dicuntur.

428 3565 519 3631 I'ac.
541 3563 669 3630 hist.H
690 3565 727 3629 4:
750 3563 874 3629 Titus
975 3565 1016 3629 de
1038 3562 1327 3647 navigatione
1349 3562 1524 3645 primum

343 3666 547 3733 consulit.
569 3669 742 3747 postquam
772 3664 902 3747 pandi
930 3664 1042 3731 viam
1074 3670 1108 3731 et
1136 3684 1246 3731 mare
1276 3683 1525 3748 prosperum

343 3766 481 3849 accepit,
501 3769 549 3848 de
572 3786 615 3833 se
644 3785 718 3848 per
748 3766 947 3850 ambages
974 3767 1225 3850 interrogat
1253 3768 1396 3834 caesis
1426 3786 1525 3834 com·

342 3867 544 3952 pluribus
563 3867 732 3934 hostiis.
776 3868 948 3936 Sostratus
964 3869 1158 3954 (sacerdotis
1172 3869 1209 3936 id
1223 3889 1340 3937 nomen
1354 3874 1450 3953 erat),
1467 3868 1526 3937 ubi

342 3972 463 4044 laeta
494 3973 538 4036 et
574 3971 860 4053 congruentia
894 3975 995 4039 exta
1024 3972 1276 4055 magnisque
1305 3970 1526 4040 consultis

343 4075 530 4140 adnuere
561 4073 676 4138 deam
706 4072 893 4159 (Venerem)
926 4072 1066 4156 videt,
1095 4094 1203 4156 pauca
1232 4074 1268 4140 in
1298 4091 1456 4157 praesens
1490 4082 1526 4139 et

343 4174 442 4242 solita
463 4176 672 4259 respondens,
693 4175 835 4257 petito
857 4180 1029 4243 secreto
1051 4176 1203 4244 futura
1226 4177 1379 4260 aperit.

430 4362 452 4431 1)
470 4361 511 4417 cr.
530 4362 605 4418 osso.
623 4361 675 4420 nio
694 4361 791 4430 nxrv,
810 4361 841 4432 ⁵³
859 4362 934 4425 rac
952 4362 1031 4421 eet.
1050 4362 1092 4418 aa.
