<?xml version="1.0" encoding="UTF-8"?>
<!DOCTYPE html PUBLIC "-//W3C//DTD XHTML 1.0 Transitional//EN"
    "http://www.w3.org/TR/xhtml1/DTD/xhtml1-transitional.dtd">
<html xmlns="http://www.w3.org/1999/xhtml" xml:lang="en" lang="en">
 <head>
  <title>
</title>
<meta http-equiv="Content-Type" content="text/html;charset=utf-8" />
  <meta name='ocr-system' content='tesseract 3.04.00' />
  <meta name='ocr-capabilities' content='ocr_page ocr_carea ocr_par ocr_line ocrx_word'/>
</head>
<body>
  <div class='ocr_page' id='page_1' title='image "./deextispiciocap00bezogoog_0008.png"; bbox 0 0 3508 5068; ppageno 0'>
   <div class='ocr_carea' id='block_1_1' title="bbox 222 1559 1406 3174">
    <p class='ocr_par' dir='ltr' id='par_1_1' title="bbox 222 1559 1406 3174">
     <span class='ocr_line' id='line_1_1' title="bbox 312 1559 1405 1646; baseline 0 -18"><span class='ocrx_word' id='word_1_1' title='bbox 312 1562 362 1630; x_wconf 89' lang='lat' dir='ltr'><strong>De</strong></span> <span class='ocrx_word' id='word_1_2' title='bbox 391 1561 602 1646; x_wconf 82' lang='lat' dir='ltr'><strong>haruspicum</strong></span> <span class='ocrx_word' id='word_1_3' title='bbox 631 1559 821 1644; x_wconf 79' lang='lat' dir='ltr'><strong>disciplina,</strong></span> <span class='ocrx_word' id='word_1_4' title='bbox 856 1562 1034 1628; x_wconf 89' lang='lat' dir='ltr'><strong>secundum</strong></span> <span class='ocrx_word' id='word_1_5' title='bbox 1071 1579 1167 1643; x_wconf 86' lang='lat' dir='ltr'><strong>quam</strong></span> <span class='ocrx_word' id='word_1_6' title='bbox 1198 1560 1405 1646; x_wconf 81' lang='lat' dir='ltr'><strong>extispicium</strong></span> 
     </span>
     <span class='ocr_line' id='line_1_2' title="bbox 225 1662 1405 1748; baseline 0.001 -17"><span class='ocrx_word' id='word_1_7' title='bbox 225 1682 353 1748; x_wconf 83' lang='lat' dir='ltr'><strong>quoque</strong></span> <span class='ocrx_word' id='word_1_8' title='bbox 374 1663 554 1747; x_wconf 88' lang='lat' dir='ltr'><strong>perficitur,</strong></span> <span class='ocrx_word' id='word_1_9' title='bbox 576 1663 731 1744; x_wconf 84' lang='lat' dir='ltr'><strong>permulti</strong></span> <span class='ocrx_word' id='word_1_10' title='bbox 747 1663 855 1729; x_wconf 91' lang='lat' dir='ltr'><strong>adhuc</strong></span> <span class='ocrx_word' id='word_1_11' title='bbox 870 1669 1011 1745; x_wconf 80' lang='lat' dir='ltr'><strong>egerunt</strong></span> <span class='ocrx_word' id='word_1_12' title='bbox 1024 1662 1185 1746; x_wconf 84' lang='lat' dir='ltr'><strong>philologi</strong></span> <span class='ocrx_word' id='word_1_13' title='bbox 1195 1663 1229 1748; x_wconf 88' lang='grc'><strong>1),</strong></span> <span class='ocrx_word' id='word_1_14' title='bbox 1252 1662 1405 1746; x_wconf 84' lang='lat' dir='ltr'><strong>quoniam</strong></span> 
     </span>
     <span class='ocr_line' id='line_1_3' title="bbox 224 1765 1404 1850; baseline 0.001 -18"><span class='ocrx_word' id='word_1_15' title='bbox 224 1766 264 1850; x_wconf 87' lang='lat' dir='ltr'><strong>is,</strong></span> <span class='ocrx_word' id='word_1_16' title='bbox 286 1765 343 1848; x_wconf 83' lang='lat' dir='ltr'><strong>qui</strong></span> <span class='ocrx_word' id='word_1_17' title='bbox 363 1771 454 1832; x_wconf 87' lang='lat' dir='ltr'><strong>recte</strong></span> <span class='ocrx_word' id='word_1_18' title='bbox 476 1782 671 1848; x_wconf 81' lang='lat' dir='ltr'><strong>cognoscere</strong></span> <span class='ocrx_word' id='word_1_19' title='bbox 694 1766 808 1831; x_wconf 82' lang='lat' dir='ltr'><strong>studet</strong></span> <span class='ocrx_word' id='word_1_20' title='bbox 829 1783 935 1830; x_wconf 91' lang='lat' dir='ltr'><strong>mores</strong></span> <span class='ocrx_word' id='word_1_21' title='bbox 958 1770 993 1830; x_wconf 91' lang='lat' dir='ltr'><strong>et</strong></span> <span class='ocrx_word' id='word_1_22' title='bbox 1012 1765 1229 1830; x_wconf 91' lang='lat' dir='ltr'><strong>Romanorum</strong></span> <span class='ocrx_word' id='word_1_23' title='bbox 1252 1770 1288 1830; x_wconf 88' lang='lat' dir='ltr'><strong>et</strong></span> <span class='ocrx_word' id='word_1_24' title='bbox 1303 1765 1404 1833; x_wconf 82' lang='lat' dir='ltr'><strong>Grae·</strong></span> 
     </span>
     <span class='ocr_line' id='line_1_4' title="bbox 225 1864 1406 1951; baseline 0 -17"><span class='ocrx_word' id='word_1_25' title='bbox 225 1887 345 1951; x_wconf 90' lang='lat' dir='ltr'><strong>corum,</strong></span> <span class='ocrx_word' id='word_1_26' title='bbox 367 1868 457 1936; x_wconf 89' lang='lat' dir='ltr'><strong>nullo</strong></span> <span class='ocrx_word' id='word_1_27' title='bbox 480 1868 572 1933; x_wconf 93' lang='lat' dir='ltr'><strong>modo</strong></span> <span class='ocrx_word' id='word_1_28' title='bbox 594 1864 692 1933; x_wconf 89' lang='lat' dir='ltr'><strong>varia</strong></span> <span class='ocrx_word' id='word_1_29' title='bbox 713 1864 887 1932; x_wconf 85' lang='lat' dir='ltr'><strong>divinandi</strong></span> <span class='ocrx_word' id='word_1_30' title='bbox 902 1884 1027 1947; x_wconf 84' lang='lat' dir='ltr'><strong>genera</strong></span> <span class='ocrx_word' id='word_1_31' title='bbox 1049 1868 1136 1948; x_wconf 89' lang='lat' dir='ltr'><strong>apud</strong></span> <span class='ocrx_word' id='word_1_32' title='bbox 1156 1865 1308 1934; x_wconf 90' lang='lat' dir='ltr'><strong>nationes</strong></span> <span class='ocrx_word' id='word_1_33' title='bbox 1327 1866 1406 1934; x_wconf 86' lang='lat' dir='ltr'><strong>illas</strong></span> 
     </span>
     <span class='ocr_line' id='line_1_5' title="bbox 225 1966 1405 2052; baseline 0 -16"><span class='ocrx_word' id='word_1_34' title='bbox 225 1969 358 2036; x_wconf 80' lang='lat' dir='ltr'><strong>usitata</strong></span> <span class='ocrx_word' id='word_1_35' title='bbox 382 1967 515 2034; x_wconf 85' lang='lat' dir='ltr'><strong>silentio</strong></span> <span class='ocrx_word' id='word_1_36' title='bbox 537 1967 722 2048; x_wconf 87' lang='lat' dir='ltr'><strong>praeterire</strong></span> <span class='ocrx_word' id='word_1_37' title='bbox 740 1971 856 2049; x_wconf 86' lang='lat' dir='ltr'><strong>potest</strong></span> <span class='ocrx_word' id='word_1_38' title='bbox 900 1968 950 2033; x_wconf 88' lang='lat' dir='ltr'><strong>Ne</strong></span> <span class='ocrx_word' id='word_1_39' title='bbox 971 1971 1084 2035; x_wconf 91' lang='lat' dir='ltr'><strong>tamen</strong></span> <span class='ocrx_word' id='word_1_40' title='bbox 1115 1966 1188 2050; x_wconf 88' lang='lat' dir='ltr'><strong>quis</strong></span> <span class='ocrx_word' id='word_1_41' title='bbox 1209 1972 1307 2052; x_wconf 87' lang='lat' dir='ltr'><strong>putet</strong></span> <span class='ocrx_word' id='word_1_42' title='bbox 1329 1973 1405 2036; x_wconf 86' lang='lat' dir='ltr'><strong>acta</strong></span> 
     </span>
     <span class='ocr_line' id='line_1_6' title="bbox 226 2068 1405 2154; baseline 0.001 -16"><span class='ocrx_word' id='word_1_43' title='bbox 226 2091 279 2138; x_wconf 92' lang='lat' dir='ltr'><strong>me</strong></span> <span class='ocrx_word' id='word_1_44' title='bbox 301 2075 450 2138; x_wconf 88' lang='lat' dir='ltr'><strong>acturum</strong></span> <span class='ocrx_word' id='word_1_45' title='bbox 474 2088 555 2152; x_wconf 86' lang='lat' dir='ltr'><strong>esse,</strong></span> <span class='ocrx_word' id='word_1_46' title='bbox 576 2068 679 2136; x_wconf 85' lang='lat' dir='ltr'><strong>ilceot</strong></span> <span class='ocrx_word' id='word_1_47' title='bbox 700 2069 782 2138; x_wconf 90' lang='lat' dir='ltr'><strong>mihi</strong></span> <span class='ocrx_word' id='word_1_48' title='bbox 804 2069 1020 2151; x_wconf 80' lang='lat' dir='ltr'><strong>praemittere</strong></span> <span class='ocrx_word' id='word_1_49' title='bbox 1038 2089 1148 2137; x_wconf 88' lang='lat' dir='ltr'><strong>omnes</strong></span> <span class='ocrx_word' id='word_1_50' title='bbox 1168 2069 1249 2154; x_wconf 87' lang='lat' dir='ltr'><strong>fere,</strong></span> <span class='ocrx_word' id='word_1_51' title='bbox 1270 2089 1405 2153; x_wconf 88' lang='lat' dir='ltr'><strong>quorum</strong></span> 
     </span>
     <span class='ocr_line' id='line_1_7' title="bbox 225 2171 1405 2256; baseline 0.001 -17"><span class='ocrx_word' id='word_1_52' title='bbox 225 2176 290 2241; x_wconf 87' lang='lat' dir='ltr'><strong>hac</strong></span> <span class='ocrx_word' id='word_1_53' title='bbox 302 2176 342 2241; x_wconf 92' lang='lat' dir='ltr'><strong>de</strong></span> <span class='ocrx_word' id='word_1_54' title='bbox 353 2192 390 2240; x_wconf 92' lang='lat' dir='ltr'><strong>re</strong></span> <span class='ocrx_word' id='word_1_55' title='bbox 407 2176 544 2240; x_wconf 87' lang='lat' dir='ltr'><strong>exstant</strong></span> <span class='ocrx_word' id='word_1_56' title='bbox 560 2171 810 2256; x_wconf 83' lang='lat' dir='ltr'><strong>disputationes,</strong></span> <span class='ocrx_word' id='word_1_57' title='bbox 826 2178 886 2239; x_wconf 91' lang='lat' dir='ltr'><strong>ant</strong></span> <span class='ocrx_word' id='word_1_58' title='bbox 897 2173 937 2238; x_wconf 91' lang='lat' dir='ltr'><strong>de</strong></span> <span class='ocrx_word' id='word_1_59' title='bbox 950 2171 1026 2240; x_wconf 90' lang='lat' dir='ltr'><strong>aliis</strong></span> <span class='ocrx_word' id='word_1_60' title='bbox 1038 2171 1212 2241; x_wconf 91' lang='lat' dir='ltr'><strong>divinandi</strong></span> <span class='ocrx_word' id='word_1_61' title='bbox 1222 2173 1405 2241; x_wconf 88' lang='lat' dir='ltr'><strong>rationibus</strong></span> 
     </span>
     <span class='ocr_line' id='line_1_8' title="bbox 223 2273 1403 2359; baseline 0 -17"><span class='ocrx_word' id='word_1_62' title='bbox 223 2280 285 2346; x_wconf 84' lang='lat' dir='ltr'><strong>aut</strong></span> <span class='ocrx_word' id='word_1_63' title='bbox 318 2278 360 2342; x_wconf 91' lang='lat' dir='ltr'><strong>de</strong></span> <span class='ocrx_word' id='word_1_64' title='bbox 391 2273 565 2342; x_wconf 85' lang='lat' dir='ltr'><strong>fulminum</strong></span> <span class='ocrx_word' id='word_1_65' title='bbox 597 2273 864 2358; x_wconf 82' lang='lat' dir='ltr'><strong>prodigiorumve</strong></span> <span class='ocrx_word' id='word_1_66' title='bbox 902 2274 1191 2357; x_wconf 89' lang='lat' dir='ltr'><strong>procurationibus</strong></span> <span class='ocrx_word' id='word_1_67' title='bbox 1226 2275 1403 2359; x_wconf 87' lang='lat' dir='ltr'><strong>praecipue</strong></span> 
     </span>
     <span class='ocr_line' id='line_1_9' title="bbox 224 2375 1403 2461; baseline 0 -16"><span class='ocrx_word' id='word_1_68' title='bbox 224 2376 427 2459; x_wconf 88' lang='lat' dir='ltr'><strong>disseruisse,</strong></span> <span class='ocrx_word' id='word_1_69' title='bbox 442 2375 649 2458; x_wconf 85' lang='lat' dir='ltr'><strong>extispicium</strong></span> <span class='ocrx_word' id='word_1_70' title='bbox 669 2381 780 2444; x_wconf 86' lang='lat' dir='ltr'><strong>autem</strong></span> <span class='ocrx_word' id='word_1_71' title='bbox 797 2378 880 2444; x_wconf 87' lang='lat' dir='ltr'><strong>adeo</strong></span> <span class='ocrx_word' id='word_1_72' title='bbox 902 2396 966 2443; x_wconf 92' lang='lat' dir='ltr'><strong>non</strong></span> <span class='ocrx_word' id='word_1_73' title='bbox 978 2395 1120 2461; x_wconf 90' lang='lat' dir='ltr'><strong>curasse,</strong></span> <span class='ocrx_word' id='word_1_74' title='bbox 1138 2383 1177 2444; x_wconf 89' lang='lat' dir='ltr'><strong>nt</strong></span> <span class='ocrx_word' id='word_1_75' title='bbox 1188 2377 1403 2445; x_wconf 87' lang='lat' dir='ltr'><strong>Deeckins</strong></span> 
     </span>
     <span class='ocr_line' id='line_1_10' title="bbox 224 2477 1403 2564; baseline 0.001 -19"><span class='ocrx_word' id='word_1_76' title='bbox 224 2480 295 2546; x_wconf 90' lang='lat' dir='ltr'><strong>inre</strong></span> <span class='ocrx_word' id='word_1_77' title='bbox 324 2478 448 2547; x_wconf 89' lang='lat' dir='ltr'><strong>dixerit</strong></span> <span class='ocrx_word' id='word_1_78' title='bbox 459 2479 484 2564; x_wconf 74' lang='lat'><strong>²)</strong></span> <span class='ocrx_word' id='word_1_79' title='bbox 513 2477 610 2562; x_wconf 89' lang='lat' dir='ltr'><strong>nigra</strong></span> <span class='ocrx_word' id='word_1_80' title='bbox 642 2479 749 2545; x_wconf 91' lang='lat' dir='ltr'><strong>adhuc</strong></span> <span class='ocrx_word' id='word_1_81' title='bbox 783 2478 926 2560; x_wconf 84' lang='lat' dir='ltr'><strong>caligine</strong></span> <span class='ocrx_word' id='word_1_82' title='bbox 961 2479 1067 2561; x_wconf 89' lang='lat' dir='ltr'><strong>premi</strong></span> <span class='ocrx_word' id='word_1_83' title='bbox 1105 2479 1275 2562; x_wconf 88' lang='lat' dir='ltr'><strong>extispicii</strong></span> <span class='ocrx_word' id='word_1_84' title='bbox 1303 2480 1403 2562; x_wconf 81' lang='lat' dir='ltr'><strong>leges.</strong></span> 
     </span>
     <span class='ocr_line' id='line_1_11' title="bbox 224 2580 1403 2664; baseline 0 -16"><span class='ocrx_word' id='word_1_85' title='bbox 224 2585 384 2648; x_wconf 87' lang='lat' dir='ltr'><strong>Attamen</strong></span> <span class='ocrx_word' id='word_1_86' title='bbox 396 2581 513 2647; x_wconf 89' lang='lat' dir='ltr'><strong>summi</strong></span> <span class='ocrx_word' id='word_1_87' title='bbox 523 2581 678 2647; x_wconf 90' lang='lat' dir='ltr'><strong>momenti</strong></span> <span class='ocrx_word' id='word_1_88' title='bbox 690 2580 756 2647; x_wconf 86' lang='lat' dir='ltr'><strong>fuit</strong></span> <span class='ocrx_word' id='word_1_89' title='bbox 767 2583 829 2646; x_wconf 91' lang='lat' dir='ltr'><strong>hoc</strong></span> <span class='ocrx_word' id='word_1_90' title='bbox 839 2580 946 2662; x_wconf 90' lang='lat' dir='ltr'><strong>ipsum</strong></span> <span class='ocrx_word' id='word_1_91' title='bbox 962 2580 1172 2661; x_wconf 80' lang='lat' dir='ltr'><strong>extispicium</strong></span> <span class='ocrx_word' id='word_1_92' title='bbox 1187 2583 1275 2662; x_wconf 92' lang='lat' dir='ltr'><strong>apud</strong></span> <span class='ocrx_word' id='word_1_93' title='bbox 1289 2581 1403 2664; x_wconf 88' lang='lat' dir='ltr'><strong>Italos,</strong></span> 
     </span>
     <span class='ocr_line' id='line_1_12' title="bbox 223 2680 1402 2768; baseline -0.003 -19"><span class='ocrx_word' id='word_1_94' title='bbox 223 2687 266 2751; x_wconf 88' lang='lat' dir='ltr'><strong>de</strong></span> <span class='ocrx_word' id='word_1_95' title='bbox 289 2703 353 2766; x_wconf 88' lang='lat' dir='ltr'><strong>quo</strong></span> <span class='ocrx_word' id='word_1_96' title='bbox 373 2683 454 2749; x_wconf 88' lang='lat' dir='ltr'><strong>dicit</strong></span> <span class='ocrx_word' id='word_1_97' title='bbox 475 2682 684 2750; x_wconf 88' lang='lat' dir='ltr'><strong>Herodianus</strong></span> <span class='ocrx_word' id='word_1_98' title='bbox 694 2682 735 2768; x_wconf 79' lang='lat'><strong>8):</strong></span> <span class='ocrx_word' id='word_1_99' title='bbox 766 2680 908 2764; x_wconf 80' lang='grc' dir='ltr'><strong><em>μάλιστα</em></strong></span> <span class='ocrx_word' id='word_1_100' title='bbox 935 2691 973 2764; x_wconf 75' lang='grc' dir='ltr'><strong>τῇ</strong></span> <span class='ocrx_word' id='word_1_101' title='bbox 1002 2684 1119 2763; x_wconf 77' lang='grc' dir='ltr'><strong><em>σκέψει</em></strong></span> <span class='ocrx_word' id='word_1_102' title='bbox 1147 2683 1243 2766; x_wconf 74' lang='grc' dir='ltr'><strong><em>ταύτῃ</em></strong></span> <span class='ocrx_word' id='word_1_103' title='bbox 1272 2683 1402 2746; x_wconf 79' lang='grc' dir='ltr'><strong><em>πιστεύ-</em></strong></span> 
     </span>
     <span class='ocr_line' id='line_1_13' title="bbox 225 2782 1402 2866; baseline -0.001 -16"><span class='ocrx_word' id='word_1_104' title='bbox 225 2807 314 2852; x_wconf 82' lang='grc' dir='ltr'><strong><em>ουσιν</em></strong></span> <span class='ocrx_word' id='word_1_105' title='bbox 334 2784 515 2851; x_wconf 76' lang='grc' dir='ltr'><strong><em>Ἰταλιῶται.</em></strong></span> <span class='ocrx_word' id='word_1_106' title='bbox 560 2785 626 2850; x_wconf 84' lang='lat' dir='ltr'><strong>Sed</strong></span> <span class='ocrx_word' id='word_1_107' title='bbox 647 2804 713 2851; x_wconf 89' lang='lat' dir='ltr'><strong>non</strong></span> <span class='ocrx_word' id='word_1_108' title='bbox 733 2782 848 2850; x_wconf 84' lang='lat' dir='ltr'><strong>ItaIIci</strong></span> <span class='ocrx_word' id='word_1_109' title='bbox 877 2783 980 2850; x_wconf 91' lang='lat' dir='ltr'><strong>solnm</strong></span> <span class='ocrx_word' id='word_1_110' title='bbox 1009 2783 1129 2866; x_wconf 87' lang='lat' dir='ltr'><strong>populi,</strong></span> <span class='ocrx_word' id='word_1_111' title='bbox 1159 2802 1271 2851; x_wconf 87' lang='lat' dir='ltr'><strong>verum</strong></span> <span class='ocrx_word' id='word_1_112' title='bbox 1301 2783 1402 2850; x_wconf 88' lang='lat' dir='ltr'><strong>etiam</strong></span> 
     </span>
     <span class='ocr_line' id='line_1_14' title="bbox 222 2884 1401 2969; baseline -0.003 -14"><span class='ocrx_word' id='word_1_113' title='bbox 222 2888 344 2956; x_wconf 80' lang='lat' dir='ltr'><strong>Graeci</strong></span> <span class='ocrx_word' id='word_1_114' title='bbox 366 2886 516 2967; x_wconf 84' lang='lat' dir='ltr'><strong>aliaeque</strong></span> <span class='ocrx_word' id='word_1_115' title='bbox 538 2885 700 2969; x_wconf 87' lang='lat' dir='ltr'><strong>nationes,</strong></span> <span class='ocrx_word' id='word_1_116' title='bbox 722 2888 764 2952; x_wconf 89' lang='lat' dir='ltr'><strong>de</strong></span> <span class='ocrx_word' id='word_1_117' title='bbox 786 2885 905 2968; x_wconf 88' lang='lat' dir='ltr'><strong>quibus</strong></span> <span class='ocrx_word' id='word_1_118' title='bbox 933 2884 1024 2952; x_wconf 81' lang='lat' dir='ltr'><strong>infra</strong></span> <span class='ocrx_word' id='word_1_119' title='bbox 1045 2885 1176 2968; x_wconf 86' lang='lat' dir='ltr'><strong>planius</strong></span> <span class='ocrx_word' id='word_1_120' title='bbox 1206 2885 1271 2954; x_wconf 89' lang='lat' dir='ltr'><strong>erit</strong></span> <span class='ocrx_word' id='word_1_121' title='bbox 1293 2885 1401 2952; x_wconf 85' lang='lat' dir='ltr'><strong>dicen·</strong></span> 
     </span>
     <span class='ocr_line' id='line_1_15' title="bbox 222 2986 1402 3071; baseline 0 -16"><span class='ocrx_word' id='word_1_122' title='bbox 222 2992 307 3071; x_wconf 90' lang='lat' dir='ltr'><strong>dum,</strong></span> <span class='ocrx_word' id='word_1_123' title='bbox 337 3005 496 3054; x_wconf 90' lang='lat' dir='ltr'><strong>summum</strong></span> <span class='ocrx_word' id='word_1_124' title='bbox 525 2993 722 3054; x_wconf 88' lang='lat' dir='ltr'><strong>momentum</strong></span> <span class='ocrx_word' id='word_1_125' title='bbox 751 2987 943 3055; x_wconf 87' lang='lat' dir='ltr'><strong>tribuerunt</strong></span> <span class='ocrx_word' id='word_1_126' title='bbox 971 2989 1057 3055; x_wconf 89' lang='lat' dir='ltr'><strong>extis</strong></span> <span class='ocrx_word' id='word_1_127' title='bbox 1085 2987 1152 3054; x_wconf 89' lang='lat' dir='ltr'><strong>rite</strong></span> <span class='ocrx_word' id='word_1_128' title='bbox 1180 2986 1402 3070; x_wconf 86' lang='lat' dir='ltr'><strong>inspiciendis.</strong></span> 
     </span>
     <span class='ocr_line' id='line_1_16' title="bbox 222 3080 1402 3174; baseline 0 -18"><span class='ocrx_word' id='word_1_129' title='bbox 222 3091 295 3174; x_wconf 79' lang='lat' dir='ltr'><strong>Quo</strong></span> <span class='ocrx_word' id='word_1_130' title='bbox 317 3089 524 3172; x_wconf 84' lang='lat' dir='ltr'><strong>factumest,</strong></span> <span class='ocrx_word' id='word_1_131' title='bbox 552 3093 591 3155; x_wconf 87' lang='lat' dir='ltr'><strong>ut</strong></span> <span class='ocrx_word' id='word_1_132' title='bbox 619 3089 658 3172; x_wconf 89' lang='lat' dir='ltr'><strong>ei,</strong></span> <span class='ocrx_word' id='word_1_133' title='bbox 688 3091 745 3171; x_wconf 91' lang='lat' dir='ltr'><strong>qui</strong></span> <span class='ocrx_word' id='word_1_134' title='bbox 774 3092 815 3156; x_wconf 88' lang='lat' dir='ltr'><strong>de</strong></span> <span class='ocrx_word' id='word_1_135' title='bbox 845 3091 909 3156; x_wconf 88' lang='lat' dir='ltr'><strong>hac</strong></span> <span class='ocrx_word' id='word_1_136' title='bbox 938 3089 1111 3158; x_wconf 83' lang='lat' dir='ltr'><strong>dividendi</strong></span> <span class='ocrx_word' id='word_1_137' title='bbox 1138 3080 1268 3156; x_wconf 88' lang='lat' dir='ltr'><strong>ratione</strong></span> <span class='ocrx_word' id='word_1_138' title='bbox 1296 3089 1402 3156; x_wconf 86' lang='lat' dir='ltr'><strong>fusius</strong></span> 
     </span>
    </p>
   </div>
   <div class='ocr_carea' id='block_1_2' title="bbox 218 3260 1401 4436">
    <p class='ocr_par' dir='ltr' id='par_1_2' title="bbox 218 3260 1401 4264">
     <span class='ocr_line' id='line_1_17' title="bbox 309 3260 1398 3330; baseline 0.002 -16"><span class='ocrx_word' id='word_1_139' title='bbox 309 3260 328 3330; x_wconf 79' lang='grc'><strong>1)</strong></span> <span class='ocrx_word' id='word_1_140' title='bbox 353 3260 467 3316; x_wconf 78' lang='lat' dir='ltr'><strong>Praeter</strong></span> <span class='ocrx_word' id='word_1_141' title='bbox 496 3276 554 3328; x_wconf 88' lang='lat' dir='ltr'><strong>eos,</strong></span> <span class='ocrx_word' id='word_1_142' title='bbox 589 3260 636 3328; x_wconf 87' lang='lat' dir='ltr'><strong>qui</strong></span> <span class='ocrx_word' id='word_1_143' title='bbox 671 3261 737 3315; x_wconf 85' lang='lat' dir='ltr'><strong>data</strong></span> <span class='ocrx_word' id='word_1_144' title='bbox 770 3276 851 3330; x_wconf 91' lang='lat' dir='ltr'><strong>opera</strong></span> <span class='ocrx_word' id='word_1_145' title='bbox 883 3261 917 3315; x_wconf 88' lang='lat' dir='ltr'><strong>de</strong></span> <span class='ocrx_word' id='word_1_146' title='bbox 949 3260 1078 3316; x_wconf 85' lang='lat' dir='ltr'><strong>universa</strong></span> <span class='ocrx_word' id='word_1_147' title='bbox 1107 3265 1233 3316; x_wconf 80' lang='lat' dir='ltr'><strong>veterum</strong></span> <span class='ocrx_word' id='word_1_148' title='bbox 1266 3261 1398 3330; x_wconf 80' lang='lat' dir='ltr'><strong>religione</strong></span> 
     </span>
     <span class='ocr_line' id='line_1_18' title="bbox 220 3345 1400 3417; baseline -0.001 -15"><span class='ocrx_word' id='word_1_149' title='bbox 220 3353 346 3417; x_wconf 82' lang='lat' dir='ltr'><strong>egerunt,</strong></span> <span class='ocrx_word' id='word_1_150' title='bbox 370 3346 433 3400; x_wconf 91' lang='lat' dir='ltr'><strong>Iul.</strong></span> <span class='ocrx_word' id='word_1_151' title='bbox 462 3347 553 3401; x_wconf 81' lang='lat' dir='ltr'><strong>Caes.</strong></span> <span class='ocrx_word' id='word_1_152' title='bbox 572 3347 764 3415; x_wconf 84' lang='lat' dir='ltr'><strong>Bulenger,</strong></span> <span class='ocrx_word' id='word_1_153' title='bbox 796 3346 840 3400; x_wconf 88' lang='lat' dir='ltr'><strong>De</strong></span> <span class='ocrx_word' id='word_1_154' title='bbox 864 3345 983 3400; x_wconf 77' lang='lat' dir='ltr'><strong>sortibus</strong></span> <span class='ocrx_word' id='word_1_155' title='bbox 1009 3346 1038 3400; x_wconf 91' lang='lat' dir='ltr'><strong>in</strong></span> <span class='ocrx_word' id='word_1_156' title='bbox 1056 3345 1169 3400; x_wconf 80' lang='lat' dir='ltr'><strong>Graevii</strong></span> <span class='ocrx_word' id='word_1_157' title='bbox 1187 3347 1268 3417; x_wconf 77' lang='lat' dir='ltr'><strong>Thes.</strong></span> <span class='ocrx_word' id='word_1_158' title='bbox 1287 3346 1400 3415; x_wconf 78' lang='lat' dir='ltr'><strong>Antion.</strong></span> 
     </span>
     <span class='ocr_line' id='line_1_19' title="bbox 222 3431 1401 3500; baseline -0.001 -14"><span class='ocrx_word' id='word_1_159' title='bbox 222 3431 298 3486; x_wconf 90' lang='lat' dir='ltr'><strong>Rom.</strong></span> <span class='ocrx_word' id='word_1_160' title='bbox 316 3432 368 3487; x_wconf 88' lang='lat' dir='ltr'><strong>vol.</strong></span> <span class='ocrx_word' id='word_1_161' title='bbox 386 3432 413 3486; x_wconf 91' lang='lat' dir='ltr'><strong>V</strong></span> <span class='ocrx_word' id='word_1_162' title='bbox 430 3447 455 3499; x_wconf 93' lang='lat' dir='ltr'><strong>p.</strong></span> <span class='ocrx_word' id='word_1_163' title='bbox 474 3431 524 3485; x_wconf 87' lang='grc'><strong>361</strong></span> <span class='ocrx_word' id='word_1_164' title='bbox 534 3447 615 3500; x_wconf 63' lang='lat' dir='ltr'><strong>seqq„</strong></span> <span class='ocrx_word' id='word_1_165' title='bbox 640 3431 730 3500; x_wconf 86' lang='lat' dir='ltr'><strong>Lngd.</strong></span> <span class='ocrx_word' id='word_1_166' title='bbox 748 3432 810 3487; x_wconf 89' lang='lat' dir='ltr'><strong>Bat.</strong></span> <span class='ocrx_word' id='word_1_167' title='bbox 830 3431 910 3499; x_wconf 76' lang='lat'><strong>16963</strong></span> <span class='ocrx_word' id='word_1_168' title='bbox 928 3431 1017 3487; x_wconf 92' lang='lat' dir='ltr'><strong>Phil.</strong></span> <span class='ocrx_word' id='word_1_169' title='bbox 1035 3432 1054 3486; x_wconf 92' lang='lat' dir='ltr'><strong>J</strong></span> <span class='ocrx_word' id='word_1_170' title='bbox 1060 3447 1106 3487; x_wconf 90' lang='lat' dir='ltr'><strong>ac.</strong></span> <span class='ocrx_word' id='word_1_171' title='bbox 1124 3432 1332 3500; x_wconf 88' lang='lat' dir='ltr'><strong>Hartmann,</strong></span> <span class='ocrx_word' id='word_1_172' title='bbox 1356 3431 1401 3485; x_wconf 80' lang='lat' dir='ltr'><strong>De</strong></span> 
     </span>
     <span class='ocr_line' id='line_1_20' title="bbox 220 3515 1401 3587; baseline 0 -17"><span class='ocrx_word' id='word_1_173' title='bbox 220 3516 327 3587; x_wconf 65' lang='lat' dir='ltr'><strong>criptae</strong></span> <span class='ocrx_word' id='word_1_174' title='bbox 338 3516 516 3587; x_wconf 82' lang='lat' dir='ltr'><strong>auntomicnc,</strong></span> <span class='ocrx_word' id='word_1_175' title='bbox 530 3516 716 3585; x_wconf 86' lang='lat' dir='ltr'><strong>Regiomontii</strong></span> <span class='ocrx_word' id='word_1_176' title='bbox 729 3516 809 3585; x_wconf 83' lang='grc'>1683;</span> <span class='ocrx_word' id='word_1_177' title='bbox 821 3517 847 3572; x_wconf 84' lang='lat' dir='ltr'><strong>J.</strong></span> <span class='ocrx_word' id='word_1_178' title='bbox 859 3517 991 3586; x_wconf 76' lang='lat' dir='ltr'><strong>Rauen,</strong></span> <span class='ocrx_word' id='word_1_179' title='bbox 1006 3515 1176 3584; x_wconf 70' lang='lat' dir='ltr'><strong>Haruspices</strong></span> <span class='ocrx_word' id='word_1_180' title='bbox 1188 3515 1294 3570; x_wconf 73' lang='lat' dir='ltr'><strong>Rornae</strong></span> <span class='ocrx_word' id='word_1_181' title='bbox 1304 3523 1401 3570; x_wconf 65' lang='lat' dir='ltr'><strong>uturum</strong></span> 
     </span>
     <span class='ocr_line' id='line_1_21' title="bbox 222 3599 1401 3671; baseline 0 -15"><span class='ocrx_word' id='word_1_182' title='bbox 222 3602 334 3656; x_wconf 75' lang='lat' dir='ltr'><strong>notium</strong></span> <span class='ocrx_word' id='word_1_183' title='bbox 351 3601 467 3656; x_wconf 80' lang='lat' dir='ltr'><strong>Etrusci</strong></span> <span class='ocrx_word' id='word_1_184' title='bbox 483 3619 522 3656; x_wconf 82' lang='lat' dir='ltr'><strong>aa</strong></span> <span class='ocrx_word' id='word_1_185' title='bbox 533 3599 658 3655; x_wconf 73' lang='lat' dir='ltr'><strong>Romani</strong></span> <span class='ocrx_word' id='word_1_186' title='bbox 673 3601 790 3671; x_wconf 74' lang='lat' dir='ltr'><strong>fuerim,</strong></span> <span class='ocrx_word' id='word_1_187' title='bbox 809 3601 934 3670; x_wconf 83' lang='lat' dir='ltr'><strong>Gotting.</strong></span> <span class='ocrx_word' id='word_1_188' title='bbox 948 3600 1028 3668; x_wconf 79' lang='lat'>1822;</span> <span class='ocrx_word' id='word_1_189' title='bbox 1046 3601 1078 3655; x_wconf 91' lang='lat' dir='ltr'><strong>P.</strong></span> <span class='ocrx_word' id='word_1_190' title='bbox 1096 3601 1288 3668; x_wconf 63' lang='lat' dir='ltr'><strong>Frondem,</strong></span> <span class='ocrx_word' id='word_1_191' title='bbox 1305 3601 1401 3666; x_wconf 69' lang='lat' dir='ltr'><strong>Homu-</strong></span> 
     </span>
     <span class='ocr_line' id='line_1_22' title="bbox 221 3684 1400 3755; baseline 0.001 -15"><span class='ocrx_word' id='word_1_192' title='bbox 221 3685 315 3755; x_wconf 78' lang='lat' dir='ltr'><strong>sptrrn,</strong></span> <span class='ocrx_word' id='word_1_193' title='bbox 338 3687 526 3755; x_wconf 77' lang='lat' dir='ltr'><strong>Berol.1823;</strong></span> <span class='ocrx_word' id='word_1_194' title='bbox 545 3687 576 3741; x_wconf 84' lang='lat' dir='ltr'><strong>G.</strong></span> <span class='ocrx_word' id='word_1_195' title='bbox 595 3686 826 3754; x_wconf 84' lang='lat' dir='ltr'><strong>Schmeisser,</strong></span> <span class='ocrx_word' id='word_1_196' title='bbox 846 3685 1044 3755; x_wconf 75' lang='lat' dir='ltr'><strong>Quaestionum</strong></span> <span class='ocrx_word' id='word_1_197' title='bbox 1062 3684 1095 3739; x_wconf 84' lang='lat' dir='ltr'><strong>de</strong></span> <span class='ocrx_word' id='word_1_198' title='bbox 1112 3686 1235 3740; x_wconf 76' lang='lat' dir='ltr'><strong>Etrusca</strong></span> <span class='ocrx_word' id='word_1_199' title='bbox 1253 3684 1400 3755; x_wconf 78' lang='lat' dir='ltr'><strong>dlecipliun</strong></span> 
     </span>
     <span class='ocr_line' id='line_1_23' title="bbox 218 3769 1400 3840; baseline 0.001 -16"><span class='ocrx_word' id='word_1_200' title='bbox 218 3771 375 3840; x_wconf 74' lang='lat' dir='ltr'><strong>porticulo,</strong></span> <span class='ocrx_word' id='word_1_201' title='bbox 399 3771 548 3826; x_wconf 82' lang='lat' dir='ltr'><strong>Vratislav.</strong></span> <span class='ocrx_word' id='word_1_202' title='bbox 568 3771 648 3839; x_wconf 81' lang='lat'>1872;</span> <span class='ocrx_word' id='word_1_203' title='bbox 666 3771 698 3825; x_wconf 89' lang='grc' dir='ltr'><strong>Ρ.</strong></span> <span class='ocrx_word' id='word_1_204' title='bbox 717 3770 870 3839; x_wconf 81' lang='lat' dir='ltr'><strong>Olnirin,</strong></span> <span class='ocrx_word' id='word_1_205' title='bbox 887 3771 932 3825; x_wconf 88' lang='lat' dir='ltr'><strong>De</strong></span> <span class='ocrx_word' id='word_1_206' title='bbox 949 3769 1142 3840; x_wconf 65' lang='lat' dir='ltr'><strong>temporibus</strong></span> <span class='ocrx_word' id='word_1_207' title='bbox 1160 3771 1236 3840; x_wconf 79' lang='lat' dir='ltr'><strong>apud</strong></span> <span class='ocrx_word' id='word_1_208' title='bbox 1250 3771 1400 3839; x_wconf 82' lang='lat' dir='ltr'><strong>Romanos,</strong></span> 
     </span>
     <span class='ocr_line' id='line_1_24' title="bbox 222 3854 1400 3926; baseline -0.001 -16"><span class='ocrx_word' id='word_1_209' title='bbox 222 3854 302 3910; x_wconf 89' lang='lat' dir='ltr'><strong>Paris</strong></span> <span class='ocrx_word' id='word_1_210' title='bbox 325 3855 406 3924; x_wconf 82' lang='lat'>18803</span> <span class='ocrx_word' id='word_1_211' title='bbox 431 3855 463 3911; x_wconf 87' lang='lat' dir='ltr'><strong>G.</strong></span> <span class='ocrx_word' id='word_1_212' title='bbox 482 3856 703 3925; x_wconf 87' lang='lat' dir='ltr'><strong>Schmeiaser,</strong></span> <span class='ocrx_word' id='word_1_213' title='bbox 729 3856 786 3911; x_wconf 81' lang='lat' dir='ltr'><strong>Dic</strong></span> <span class='ocrx_word' id='word_1_214' title='bbox 806 3855 984 3910; x_wconf 78' lang='lat' dir='ltr'><strong>Etruclciacdc</strong></span> <span class='ocrx_word' id='word_1_215' title='bbox 1000 3855 1149 3926; x_wconf 76' lang='lat' dir='ltr'><strong>Discipliu,</strong></span> <span class='ocrx_word' id='word_1_216' title='bbox 1172 3855 1400 3926; x_wconf 77' lang='lat' dir='ltr'><strong>Liegnitx18813</strong></span> 
     </span>
     <span class='ocr_line' id='line_1_25' title="bbox 222 3939 1400 4011; baseline 0 -17"><span class='ocrx_word' id='word_1_217' title='bbox 222 3941 303 4007; x_wconf 90' lang='lat' dir='ltr'><strong>idem,</strong></span> <span class='ocrx_word' id='word_1_218' title='bbox 321 3939 409 3993; x_wconf 81' lang='lat' dir='ltr'><strong>Beu&#39;tr.</strong></span> <span class='ocrx_word' id='word_1_219' title='bbox 420 3957 470 3994; x_wconf 77' lang='lat' dir='ltr'><strong>zur</strong></span> <span class='ocrx_word' id='word_1_220' title='bbox 478 3940 621 3994; x_wconf 78' lang='lat' dir='ltr'><strong>Kanotala</strong></span> <span class='ocrx_word' id='word_1_221' title='bbox 630 3940 679 3994; x_wconf 83' lang='lat' dir='ltr'><strong>der</strong></span> <span class='ocrx_word' id='word_1_222' title='bbox 691 3941 809 3996; x_wconf 78' lang='lat' dir='ltr'><strong>Teclum&#39;lt</strong></span> <span class='ocrx_word' id='word_1_223' title='bbox 817 3941 865 3995; x_wconf 77' lang='lat' dir='ltr'><strong>dor</strong></span> <span class='ocrx_word' id='word_1_224' title='bbox 873 3940 1051 4011; x_wconf 81' lang='lat' dir='ltr'><strong>Haruspices,</strong></span> <span class='ocrx_word' id='word_1_225' title='bbox 1062 3941 1223 4011; x_wconf 82' lang='lat' dir='ltr'><strong>Lendeberg</strong></span> <span class='ocrx_word' id='word_1_226' title='bbox 1230 3958 1253 3996; x_wconf 90' lang='lat' dir='ltr'><strong>a.</strong></span> <span class='ocrx_word' id='word_1_227' title='bbox 1260 3941 1305 3997; x_wconf 89' lang='lat' dir='ltr'><strong>W.</strong></span> <span class='ocrx_word' id='word_1_228' title='bbox 1319 3940 1400 4008; x_wconf 84' lang='lat'>1884;</span> 
     </span>
     <span class='ocr_line' id='line_1_26' title="bbox 221 4023 1399 4095; baseline 0.001 -16"><span class='ocrx_word' id='word_1_229' title='bbox 221 4023 606 4095; x_wconf 66' lang='lat' dir='ltr'><strong>meduane-teotardo,</strong></span> <span class='ocrx_word' id='word_1_230' title='bbox 625 4025 753 4080; x_wconf 74' lang='lat' dir='ltr'><strong>Eustou&#39;re</strong></span> <span class='ocrx_word' id='word_1_231' title='bbox 770 4025 802 4081; x_wconf 81' lang='lat' dir='ltr'><strong>de</strong></span> <span class='ocrx_word' id='word_1_232' title='bbox 821 4026 847 4080; x_wconf 86' lang='lat' dir='ltr'><strong>lo</strong></span> <span class='ocrx_word' id='word_1_233' title='bbox 860 4025 1016 4080; x_wconf 77' lang='lat' dir='ltr'><strong>dioiuotu&#39;ou</strong></span> <span class='ocrx_word' id='word_1_234' title='bbox 1033 4025 1104 4080; x_wconf 80' lang='lat' dir='ltr'><strong>duna</strong></span> <span class='ocrx_word' id='word_1_235' title='bbox 1116 4026 1272 4094; x_wconf 75' lang='lat' dir='ltr'><strong>l&#39;autr&#39;quttt</strong></span> <span class='ocrx_word' id='word_1_236' title='bbox 1290 4027 1342 4082; x_wconf 84' lang='lat' dir='ltr'><strong>vol.</strong></span> <span class='ocrx_word' id='word_1_237' title='bbox 1352 4027 1399 4090; x_wconf 90' lang='lat' dir='ltr'><strong>IV,</strong></span> 
     </span>
     <span class='ocr_line' id='line_1_27' title="bbox 221 4109 1400 4181; baseline 0 -15"><span class='ocrx_word' id='word_1_238' title='bbox 221 4109 393 4178; x_wconf 82' lang='lat' dir='ltr'><strong>Parie18803</strong></span> <span class='ocrx_word' id='word_1_239' title='bbox 412 4110 783 4181; x_wconf 80' lang='lat' dir='ltr'><strong>Daremberg·Sagli0,</strong></span> <span class='ocrx_word' id='word_1_240' title='bbox 801 4110 1217 4179; x_wconf 72' lang='lat' dir='ltr'><strong>Dictiouuotredeeoutu&#39;quu&#39;tts</strong></span> <span class='ocrx_word' id='word_1_241' title='bbox 1234 4128 1254 4166; x_wconf 85' lang='lat' dir='ltr'><strong>s.</strong></span> <span class='ocrx_word' id='word_1_242' title='bbox 1273 4128 1299 4167; x_wconf 87' lang='lat' dir='ltr'><strong>v.</strong></span> <span class='ocrx_word' id='word_1_243' title='bbox 1319 4110 1400 4166; x_wconf 77' lang='lat' dir='ltr'><strong>Diui·</strong></span> 
     </span>
     <span class='ocr_line' id='line_1_28' title="bbox 221 4195 648 4264; baseline 0.007 -16"><span class='ocrx_word' id='word_1_244' title='bbox 221 4195 320 4250; x_wconf 78' lang='lat' dir='ltr'><strong>natlou</strong></span> <span class='ocrx_word' id='word_1_245' title='bbox 338 4201 367 4251; x_wconf 90' lang='lat' dir='ltr'><strong>et</strong></span> <span class='ocrx_word' id='word_1_246' title='bbox 383 4211 404 4250; x_wconf 87' lang='lat' dir='ltr'><strong>s.</strong></span> <span class='ocrx_word' id='word_1_247' title='bbox 423 4212 449 4250; x_wconf 84' lang='lat' dir='ltr'><strong>v.</strong></span> <span class='ocrx_word' id='word_1_248' title='bbox 467 4195 648 4264; x_wconf 75' lang='lat' dir='ltr'><strong>Haruspices.</strong></span> 
     </span>
    </p>

    <p class='ocr_par' dir='ltr' id='par_1_3' title="bbox 307 4279 1057 4350">
     <span class='ocr_line' id='line_1_29' title="bbox 307 4279 1057 4350; baseline 0.003 -16"><span class='ocrx_word' id='word_1_249' title='bbox 307 4280 329 4350; x_wconf 77' lang='lat'><strong>⁹)</strong></span> <span class='ocrx_word' id='word_1_250' title='bbox 347 4281 646 4350; x_wconf 82' lang='lat' dir='ltr'><strong>Miller-Deeclre,</strong></span> <span class='ocrx_word' id='word_1_251' title='bbox 665 4282 721 4336; x_wconf 80' lang='lat' dir='ltr'><strong>Die</strong></span> <span class='ocrx_word' id='word_1_252' title='bbox 738 4279 874 4334; x_wconf 79' lang='lat' dir='ltr'><strong>Etruclcer</strong></span> <span class='ocrx_word' id='word_1_253' title='bbox 890 4281 938 4334; x_wconf 62' lang='grc' dir='ltr'><strong>ΠΒ</strong></span> <span class='ocrx_word' id='word_1_254' title='bbox 955 4297 982 4349; x_wconf 93' lang='lat' dir='ltr'><strong>p.</strong></span> <span class='ocrx_word' id='word_1_255' title='bbox 998 4280 1057 4336; x_wconf 84' lang='lat'><strong>180.</strong></span> 
     </span>
    </p>

    <p class='ocr_par' dir='ltr' id='par_1_4' title="bbox 309 4365 503 4436">
     <span class='ocr_line' id='line_1_30' title="bbox 309 4365 503 4436; baseline 0 -17"><span class='ocrx_word' id='word_1_256' title='bbox 309 4367 329 4436; x_wconf 87' lang='lat'><strong>⁸)</strong></span> <span class='ocrx_word' id='word_1_257' title='bbox 347 4366 418 4419; x_wconf 90' lang='lat' dir='ltr'><strong>VIII</strong></span> <span class='ocrx_word' id='word_1_258' title='bbox 435 4365 461 4432; x_wconf 84' lang='lat'><strong>3,</strong></span> <span class='ocrx_word' id='word_1_259' title='bbox 479 4367 503 4419; x_wconf 80' lang='lat'><strong>7.</strong></span> 
     </span>
    </p>
   </div>
   <div class='ocr_carea' id='block_1_3' title="bbox 272 4449 1247 4520">
    <p class='ocr_par' dir='ltr' id='par_1_5' title="bbox 272 4449 1247 4520">
     <span class='ocr_line' id='line_1_31' title="bbox 272 4449 1247 4520; baseline -0.002 -9"><span class='ocrx_word' id='word_1_260' title='bbox 272 4465 591 4520; x_wconf 73' lang='lat' dir='ltr'><strong>itellgionogeechichtIIche</strong></span> <span class='ocrx_word' id='word_1_261' title='bbox 604 4466 725 4514; x_wconf 80' lang='lat' dir='ltr'><strong>Vemnclre</strong></span> <span class='ocrx_word' id='word_1_262' title='bbox 738 4477 761 4510; x_wconf 86' lang='lat' dir='ltr'><strong>n.</strong></span> <span class='ocrx_word' id='word_1_263' title='bbox 776 4465 938 4512; x_wconf 80' lang='lat' dir='ltr'><strong>Vorerbaiten</strong></span> <span class='ocrx_word' id='word_1_264' title='bbox 951 4469 982 4511; x_wconf 89' lang='lat'><strong>11.</strong></span> <span class='ocrx_word' id='word_1_265' title='bbox 1215 4449 1247 4502; x_wconf 78' lang='lat'><strong>12</strong></span> 
     </span>
    </p>
   </div>
   <div class='ocr_carea' id='block_1_4' title="bbox 707 4705 976 4838">
    <p class='ocr_par' dir='ltr' id='par_1_6' title="bbox 707 4705 976 4838">
     <span class='ocr_line' id='line_1_32' title="bbox 707 4705 976 4838; baseline 0.097 -28"><span class='ocrx_word' id='word_1_266' title='bbox 707 4705 976 4838; x_wconf 81' lang='grc'>427491</span> 
     </span>
    </p>
   </div>
   <div class='ocr_carea' id='block_1_5' title="bbox 0 0 1758 5068">
    <p class='ocr_par' dir='ltr' id='par_1_7' title="bbox 0 0 1758 5068">
     <span class='ocr_line' id='line_1_33' title="bbox 0 0 1758 5068; baseline 0 4"><span class='ocrx_word' id='word_1_267' title='bbox 0 0 1758 5068; x_wconf 95' lang='lat' dir='ltr'><strong> </strong></span> 
     </span>
    </p>
   </div>
  </div>
 </body>
</html>
