3508 5068
374 410 437 477 186
833 407 967 478 Georgius
985 406 1100 463 Bleeluer
1500 407 1555 496 [16

456 579 534 647 Iul
565 579 739 660 Obseqm
769 597 795 646 c.
825 579 903 646 129:
937 577 1131 662 Caesari,
1165 597 1237 646 cum
1271 579 1409 646 honores
1442 581 1554 648 decre-

373 683 402 749 ti
424 687 536 750 essent
559 686 594 749 et
615 679 786 763 imperium
809 683 969 752 adversus
989 680 1185 765 Antonium,
1212 680 1456 750 immolanti
1479 685 1553 752 (lu-

368 784 513 867 ,plicia
535 788 637 851 exta
666 787 971 866 apparuerunt.
1016 783 1204 850 Secutae
1232 788 1333 851 sunt
1363 803 1451 852 eum
1484 804 1554 852 res

367 905 614 970 prosperae.

459 1040 545 1106 Tib.
566 1040 584 1106 I
605 1041 635 1123 8,
657 1041 678 1105 3
700 1057 782 1121 seu:

458 1159 527 1225 Nec
548 1158 629 1224 mihi
650 1163 728 1224 sunt
749 1163 855 1225 sortes
877 1175 952 1225 nec
975 1158 1148 1226 conscia
1168 1158 1288 1225 fibra
1311 1160 1480 1227 deorum

500 1260 722 1344 praecinit
744 1265 925 1329 eventus
947 1279 1008 1327 nec
1026 1259 1108 1326 mihi
1130 1265 1247 1330 cantus
1270 1260 1354 1329 avis.

458 1397 604 1463 mun
626 1399 655 1480 1,
677 1397 808 1478 rosea:

873 1515 1049 1600 ...videm
1073 1521 1111 1583 ut
1131 1515 1343 1583 felicibus
1366 1518 1482 1584 extis

618 1617 783 1703 significet
805 1618 952 1700 placidos
973 1618 1092 1685 nuntia
1114 1617 1200 1684 fibra
1222 1619 1323 1685 deos?

457 1772 542 1838 Tib.
557 1773 593 1838 ΙΙ
608 1773 637 1856 5,
654 1773 694 1838 13
702 1791 768 1854 seq.
791 1771 974 1855 Apollinem
997 1771 1148 1840 inuocat:

455 1893 598 1974 unque
619 1892 737 1974 regis
760 1892 912 1970 sortis,
935 1912 1010 1976 per
1032 1897 1073 1959 te
1091 1892 1340 1974 praesentit
1362 1912 1548 1975 aruspex

499 1994 673 2060 lubrice
694 1993 892 2077 signavit
913 2014 999 2060 cum
1022 1996 1124 2061 deus
1147 1999 1247 2061 exta
1269 1994 1395 2060 notio.

455 2130 573 2211 Prop.
596 2131 644 2197 IV
668 2132 695 2213 l,
718 2131 777 2195 24:

696 2237 797 2298 exta
818 2232 977 2318 litabat
998 2232 1083 2300 ouis
1100 2285 1106 2298 .
1124 2285 1154 2299 ..

455 2386 571 2467 Prop.
593 2386 641 2452 IV
665 2388 693 2470 1,
717 2386 869 2468 masec:

471 2505 542 2572 Hoc
564 2523 669 2586 neque
693 2522 864 2572 arenosum
885 2505 1014 2588 Libyae
1036 2485 1126 2573 Iovis
1148 2507 1293 2590 explicat
1310 2510 1443 2573 antrum

522 2612 595 2674 aut
617 2605 703 2674 sibi
726 2607 969 2675 commissos
991 2608 1107 2675 fibra
1128 2611 1277 2676 locuta
1299 2611 1408 2676 deos.

454 2761 561 2828 Plin.
576 2762 668 2827 N.H.
683 2762 735 2828 XI
751 2762 827 2828 190:
843 2762 952 2829 Divo
967 2763 1160 2845 Augusto
1179 2763 1348 2847 Spoleti
1371 2763 1546 2831 sacrifi-

367 2863 1545 2946 cantiprimopotestatissuaedieservictimarumiocinera

367 2965 590 3047 replicata
619 2965 888 3033 intrinsecus
919 2969 967 3033 ab
997 2966 1080 3034 ima
1108 2968 1226 3036 fibra
1248 2974 1546 3051 repertasunt

367 3086 699 3148 responsumque
751 3069 1071 3150 duplicaturum
1118 3069 1235 3137 intra
1276 3091 1424 3138 annum
1470 3072 1543 3137 im-

368 3169 567 3255 perium.¹)

453 3324 562 3391 Cass,
584 3325 661 3392 Dio
680 3326 730 3408 46,
746 3326 788 3393 35
812 3328 852 3392 de
875 3324 1072 3392 Octaviano:
1098 3324 1245 3388 θύοντι
1268 3322 1391 3409 αὐτῷ,
1414 3321 1466 3388 ὅτε
1491 3324 1545 3390 σὸν

364 3425 485 3509 κόσμον
524 3426 580 3490 καὶ
610 3425 664 3512 τὴν
696 3426 846 3507 ἐξουσίαν
876 3436 933 3490 σοῦ
965 3435 1138 3512 στρατηγοῦ
1176 3422 1280 3510 ἔλαβε,
1317 3425 1436 3492 δισσὰ
1473 3427 1544 3490 καὶ

366 3529 502 3615 ἥπατα
529 3527 568 3594 ἐν
597 3540 703 3594 πᾶσι
731 3539 821 3604 τοῖς
847 3526 1025 3613 ἱερείοις
1055 3525 1218 3592 δώδεκα
1240 3522 1356 3594 οὖσιν
1378 3528 1542 3615 εὑρέθη.

453 3683 563 3749 Suet.
577 3683 750 3764 Diuaug.
763 3683 821 3748 96:
844 3682 966 3749 Oirca
982 3683 1545 3751 Perusiamsecrificionon

239 3853 260 3887 a
366 3784 537 3868 litanti,
556 3803 636 3852 cum
652 3783 803 3866 augeri
817 3784 979 3851 hostias
991 3783 1186 3868 imperasset
1198 3805 1237 3851 ac
1248 3785 1358 3852 subita
1371 3785 1544 3868 eruptione

367 3888 476 3953 hostes
499 3905 623 3953 omnem
642 3886 693 3954 rei
714 3885 848 3954 divinae
870 3893 1066 3968 apparatum
1089 3886 1313 3972 abstulissent,
1335 3887 1544 3954 constitit

366 3988 484 4055 inter
520 3989 790 4072 haruspices,
834 4008 938 4070 quae
983 3989 1230 4071 periculosa
1274 3995 1315 4057 et
1359 3992 1544 4058 adversa

366 4089 650 4157 sacrificanti
673 4093 934 4158 denuntiata
967 4098 1130 4177 esseut,
1163 4098 1320 4159 cuncta
1349 4092 1392 4158 in
1426 4092 1544 4174 ipsos

365 4212 586 4276 recasura,
609 4193 678 4275 qui
701 4199 801 4261 exta
822 4195 1049 4275 haberent3
1068 4213 1173 4275 neque
1196 4195 1296 4261 aliter
1319 4194 1444 4262 evenit.

454 4378 473 4447 1)
491 4379 531 4434 Oi.
550 4378 625 4435 Suet.
644 4379 706 4436 Diu.
725 4381 797 4450 Aug.
816 4381 858 4435 96.
