3508 5068
300 470 302 476 Ι
366 393 429 461 202
799 393 802 397 ’
829 390 963 461 Georgius
981 390 1096 446 Blecher
1493 391 1549 482 [32

365 565 455 632 niam
477 564 674 630 Graecorum
698 563 796 645 sigua
817 567 951 644 propter
972 560 1203 629 similitudines
1226 563 1385 644 quasdam
1397 563 1421 648 1)
1445 564 1546 632 uomi-

364 672 487 733 uantur
508 666 569 749 ita,
590 670 628 732 ut
649 665 750 731 etiam
771 664 806 731 in
831 664 1048 748 divinatione,
1071 684 1155 746 quac
1178 663 1345 748 ,originem
1374 666 1481 733 trahit
1507 686 1549 733 ex

366 769 520 851 scapulis,
543 768 745 835 occurrerint
766 768 819 833 his
842 767 1016 834 simillima.
1026 767 1050 853 ²)

451 873 517 938 Sed
542 890 583 938 ea
610 890 706 952 quam
731 869 784 936 his
806 869 1011 952 argumentis
1041 872 1268 936 demonstrare
1294 870 1407 939 conati
1434 891 1546 940 sumus

365 974 548 1057 sententia,
570 992 686 1054 nempe
708 974 797 1038 haud
818 972 971 1054 exiguum
1004 973 1164 1039 interesse
1187 976 1222 1038 et
1243 972 1332 1040 inter
1347 973 1546 1041 Graecorum

365 1077 647 1157 Romanorumque
674 1075 884 1157 extispicium
907 1080 942 1140 et
966 1075 1054 1142 inter
1078 1075 1258 1142 incolarum
1284 1075 1423 1142 orientis
1452 1077 1548 1160 ritus,

368 1179 535 1245 Ciceronis
557 1179 746 1245 testimonio
769 1198 865 1260 quam
881 1178 1001 1260 optime
1017 1180 1253 1260 comprobatur.
1297 1179 1438 1260 Scripsit
1458 1179 1545 1246 enim

366 1282 421 1348 uir
441 1283 504 1347 hac
532 1281 568 1346 in
597 1300 635 1347 re
657 1280 791 1364 egregie
812 1281 1018 1367 versatus⁸):
1048 1284 1105 1345 Aa
1132 1281 1206 1346 boec
1237 1279 1547 1366 (000010000οέ0οὤ

366 1385 503 1466 repulus)
535 1385 617 1448 coar
644 1403 676 1448 se
695 1383 873 1465 haruspices
894 1383 1023 1448 Etrusci
1044 1384 1116 1448 Elii
1135 1385 1283 1466 Acqpptr‘r'
1310 1383 1413 1448 Poeni
1441 1391 1546 1450 conta·

368 1486 496 1551 10000ιὲ
538 1489 585 1552 Ar
605 1486 640 1550 r'd
650 1487 965 1568 praeterquamquod
983 1488 1054 1568 fieri
1072 1506 1136 1551 acu
1145 1489 1256 1568 potuit,
1280 1508 1318 1551 ue
1330 1488 1411 1570 [ispi
1425 1488 1547 1570 quarm

365 1595 472 1672 potest.
528 1591 646 1654 Alios
680 1591 784 1654 euim
816 1591 903 1654 ulio.
932 1610 1036 1654 more
1071 1589 1251 1654 videmus
1286 1595 1378 1654 ectu
1413 1593 1547 1656 iuter-

363 1695 527 1774 prrturr'
548 1714 617 1757 rrae
639 1713 725 1758 esse
745 1713 863 1758 orrum
886 1696 1061 1758 orarium
1083 1693 1393 1778 discipliacmf)

452 1796 543 1863 Fieri
565 1794 671 1878 igitur
691 1815 757 1862 000
778 1801 895 1879 potest,
919 1801 965 1878 ut,
987 1796 1044 1877 qui
1066 1798 1148 1862 haec
1177 1796 1286 1864 omnia
1308 1796 1441 1878 penitus
1473 1817 1547 1880 per·

366 1899 520 1982 spexerit,
543 1898 727 1965 Deeckio
742 1919 838 1980 porro
853 1901 1011 1965 concedat
1022 1904 1057 1966 et
1068 1899 1268 1966 Graecorum
1280 1906 1314 1965 et
1326 1900 1545 1966 Romanorum

367 2001 575 2083 extispicium
604 2003 701 2083 plane
734 2001 824 2067 iuter
845 2021 881 2067 se
921 2002 1126 2083 conspirasse
1159 2008 1193 2067 et
1227 2021 1245 2067 e
1278 2004 1470 2083 populorum
1503 2005 1546 2068 ad

366 2103 525 2169 orientem
563 2104 699 2168 sitorum
729 2103 796 2168 ritu
825 2109 1000 2185 utrumque
1029 2104 1172 2170 fluxisse.
1222 2105 1339 2188 Immo,
1365 2110 1403 2172 ut
1431 2104 1545 2186 paucis

367 2205 480 2272 verbis
502 2223 571 2270 rem
594 2205 911 2288 comprehendamus,
935 2209 1022 2288 apud
1038 2206 1179 2273 Graecos
1202 2208 1331 2273 omnino
1354 2208 1422 2274 alia
1445 2212 1546 2290 atque

368 2310 456 2390 apud
469 2307 632 2373 Romanos
648 2311 803 2374 exstabat
817 2308 903 2374 ratio
919 2314 998 2374 exta
1013 2310 1264 2392 interpretandi.
1308 2310 1437 2394 Graeci,
1459 2311 1546 2391 quod

318 2441 320 2446 ·
367 2410 402 2476 in
424 2410 532 2492 capite
554 2411 609 2476 III
631 2411 816 2478 accuratius
840 2411 1022 2493 exposituri
1050 2431 1171 2496 sumus,
1203 2432 1263 2496 per
1300 2412 1546 2480 similitudinem

367 2516 531 2593 quandam
553 2515 777 2596 explanabunt
799 2513 944 2598 signal),
967 2533 1039 2581 cum
1064 2518 1154 2597 apud
1175 2517 1337 2582 Romanos
1366 2515 1546 2598 provincia,

367 2616 477 2682 utile
500 2616 653 2698 dicamne,
676 2637 761 2698 quae
783 2636 842 2699 pro
866 2617 919 2683 dei
943 2617 996 2683 oui
1021 2618 1270 2685 attribuebatur
1288 2618 1382 2700 signo
1398 2619 1546 2699 cedebat,

367 2719 611 2801 interpretandi
626 2722 803 2801 praeberet
818 2739 940 2786 ansam.
985 2721 1204 2788 Nihilominus
1219 2725 1354 2802 praeter
1369 2722 1430 2785 has
1453 2718 1547 2785 diffe-
1658 2765 1661 2772 ,

367 2822 493 2888 sentias
507 2827 640 2888 exstare
655 2823 803 2903 potuisse
814 2825 995 2903 permultas
1011 2829 1111 2904 atque
1126 2823 1286 2889 maximas
1312 2822 1546 2890 similitudines

368 2924 440 3004 quis
464 2933 522 3005 est,
545 2924 602 3005 qui
624 2924 769 3007 negabit,
789 2926 985 3006 praesertim
1008 2945 1080 2993 cum
1103 2926 1137 2992 in
1161 2929 1293 2994 deorum
1316 2925 1422 3018 signis
1442 2924 1546 2990 iuter·

367 3025 537 3106 protendis
567 3044 750 3090 communes
779 3029 937 3105 quaedam
974 3046 1095 3094 causae
1126 3033 1226 3108 atque
1255 3029 1426 3110 opiniones
1457 3028 1546 3108 apud

367 3145 479 3193 omues
508 3125 578 3192 iere
607 3126 758 3194 nationes
782 3126 1032 3214 exstiterint?⁰)
1084 3129 1120 3194 Si
1148 3148 1226 3195 vero
1254 3135 1444 3210 reputamus
1474 3148 1546 3194 eum

368 3228 607 3310 antiquissimis
628 3229 829 3311 temporibus
851 3230 1004 3297 nationes
1026 3232 1157 3313 multas,
1183 3231 1264 3296 licet
1285 3230 1430 3296 moribus
1448 3229 1548 3312 longe

367 3332 517 3414 dispares
533 3332 666 3416 fuerint,
682 3331 891 3413 extispicium
907 3332 1105 3415 adhibuisse,
1124 3337 1194 3397 tum
1209 3336 1323 3397 nostra
1342 3332 1417 3412 ipsa
1433 3336 1546 3398 aetate

366 3536 417 3572 sur
428 3536 467 3573 uro
484 3536 609 3574 uacuam
620 3519 968 3589 mouumafflalplouteu,
985 3519 1089 3574 Genios
1101 3518 1167 3572 1901
1186 3535 1212 3587 p.
1233 3517 1265 3570 12
1283 3519 1374 3572 adnot.
1387 3519 1411 3572 2.
1446 3517 1548 3573 Videas

367 3610 509 3672 praeterea
532 3605 651 3659 Caroli
677 3606 807 3660 Beaold
824 3607 858 3660 de
875 3605 1084 3673 Babyloniorum
1109 3603 1251 3673 extispicio
1276 3603 1495 3673 supplementum
1518 3604 1547 3657 iu

367 3690 440 3743 calce
458 3689 539 3743 huius
556 3690 642 3744 libelli
659 3690 791 3744 additum.

455 3773 476 3843 1)
493 3775 526 3829 V.
544 3789 627 3842 supra
644 3790 670 3842 p.
689 3774 723 3828 28
741 3774 802 3828 adn.
821 3775 850 3843 2;
869 3791 895 3843 p.
913 3775 955 3829 62.

456 3858 478 3927 ς)
498 3860 528 3914 V.
546 3859 620 3914 inira
636 3876 661 3928 p.
679 3859 714 3914 55
732 3861 823 3916 adnot.
842 3862 866 3914 1.
968 3861 989 3930 ⁸)
1007 3862 1047 3914 De
1065 3860 1120 3915 div.
1137 3861 1168 3914 11
1185 3859 1227 3914 28.

453 3945 476 4013 4)
495 3946 553 4013 Quo
570 3945 630 4000 iure
652 3946 830 4001 Deeckius
846 3945 908 4001 Etr.
927 3946 978 4000 It'o.
996 3948 1023 4002 V
1043 3963 1069 4014 p.
1089 3946 1122 4000 le
1145 3947 1238 4002 adnot.
1254 3946 1305 3999 277
1329 3946 1445 4002 dixerit:
1468 3943 1547 4000 Naclr

366 4029 422 4086 (iic.
440 4031 473 4084 de
490 4030 545 4085 div.
564 4030 647 4098 1112,
665 4031 699 4084 28
716 4030 812 4086 lactea
836 4030 879 4085 dic
896 4019 1018 4102 ipppar
1034 4031 1092 4085 rod
1109 4031 1257 4086 Pbdur'zier
1271 4030 1450 4100 Haruspicr'n
1465 4027 1550 4099 periit

368 4114 427 4169 uad
444 4114 476 4169 irr
493 4115 573 4170 ibren
590 4115 758 4186 Deutaaqeu
774 4116 928 4171 romeutlr'ele
944 4117 999 4172 mit
1018 4115 1153 4172 Graeciae
1169 4116 1228 4171 und
1248 4116 1406 4172 Etruelreru
1423 4113 1549 4168 11000010·

365 4200 507 4270 peslr'mmt
523 4216 571 4255 noa
589 4201 697 4269 quidem
716 4202 823 4258 omniuo
840 4219 895 4258 000
913 4202 1109 4272 intellegimus.

454 4287 476 4354 5)
494 4287 535 4342 Gt
553 4287 664 4342 nomine
680 4287 714 4344 ab
732 4288 867 4356 Hesychio
884 4289 998 4344 laudate
1015 4303 1099 4356 supra
1116 4304 1142 4356 p.
1161 4287 1196 4342 10
1204 4303 1259 4355 seq.

457 4372 479 4442 ⁶)
497 4372 558 4440 Qua
574 4373 608 4428 de
625 4389 655 4428 re
672 4372 761 4428 fusius
778 4389 892 4442 agemus
909 4373 982 4430 inira
999 4373 1028 4428 iu
1046 4372 1135 4442 capite
1153 4373 1205 4428 111.
