3506 5226
352 397 415 461 232
817 391 952 462 Georgius
969 392 1083 447 Blecher
1480 397 1534 483 [52

352 585 432 648 1616
462 581 593 661 quidam
622 579 673 646 1111
708 579 897 666 1111116161)
928 599 991 662 quo
1023 586 1200 662 praesente
1230 601 1293 648 nou
1325 585 1421 649 adest
1452 587 1533 650 deus

353 683 472 764 aliquis
502 683 641 749 adiutor.
684 683 925 767 Remotissimis
954 682 1058 764 igitur
1083 684 1286 765 temporibus
1308 685 1420 767 populi
1442 686 1534 752 nulla

353 786 505 853 doctrina
526 785 645 851 imbuti
666 784 824 850 facillime
845 785 882 850 id
903 785 1150 868 concludebant,
1178 787 1263 866 quod
1285 787 1321 852 in
1343 787 1533 869 posterioris

281 896 285 924 ³
354 890 429 956 aevi
458 908 520 955 161
549 888 681 955 1166111
709 889 757 954 616
786 887 1048 969 exprimebatur:
1078 889 1212 970 integra
1240 890 1295 957 161
1325 894 1426 956 61616
1456 881 1559 956 6116

353 991 543 1074 significant
564 992 665 1074 bona,
694 991 787 1056 laesa
816 990 871 1057 161
902 992 1033 1056 detorta
1054 996 1269 1072 praemonent
1299 993 1394 1058 mala.
1438 993 1533 1058 Unde

274 1082 282 1117 '⁸
352 1114 413 1176 per
435 1093 652 1176 sympathiam
671 1092 763 1158 illam
777 1112 797 1157 a
811 1092 982 1160 veteribus
998 1096 1171 1176 statutam,
1195 1113 1291 1176 quam
1307 1114 1407 1176 supra
1422 1098 1534 1161 adum·

352 1196 530 1280 bravimus,
554 1200 588 1261 61
609 1214 668 1277 per
689 1214 788 1260 unum
811 1195 906 1276 quasi
929 1198 1067 1276 gradum
1090 1198 1312 1263 ascenderunt
1327 1201 1370 1263 ad
1386 1183 1534 1264 extorum

353 1298 662 1380 interpretationem
684 1297 798 1363 artis
802 1297 985 1372 16166611.
1022 1299 1203 1379 Postquam
1218 1284 1428 1366 6116111666
1443 1305 1535 1367 66116

354 1401 485 1468 exstitit
511 1400 609 1476 ratio,
639 1403 681 1465 ad
704 1400 852 1482 singulas
882 1419 936 1466 res
962 1401 1234 1482 interpretandas
1252 1403 1383 1484 lonqus
1407 1422 1534 1484 semper

353 1504 388 1569 in
410 1502 595 1585 pangendis
626 1502 709 1568 artis
731 1503 861 1584 legibus
882 1503 1049 1584 progressi
1072 1508 1149 1568 sunt
1171 1503 1359 1585 extispices.
1403 1505 1478 1587 Qua
1497 1505 1534 1570 in

353 1626 389 1672 re
410 1608 607 1688 permultum
630 1624 685 1671 eos
706 1605 845 1673 iuvabat
866 1624 975 1670 rerum
991 1606 1278 1687 condicionumque
1294 1606 1533 1688 interrogantis
1570 1631 1577 1642 ·

352 1714 510 1774 accurata
546 1707 705 1793 notitial)
760 1710 809 1773 Ae
842 1708 1043 1774 delectamur
1074 1708 1237 1792 legentes
1275 1728 1372 1790 quam
1404 1707 1534 1774 incerta

352 1811 479 1878 suerint
501 1830 611 1878 eorum
633 1829 799 1893 responsa,
828 1810 1024 1891 ubicumque
1054 1811 1176 1877 notitia
1198 1812 1259 1876 1116
1283 1810 1426 1893 1611113)
1469 1811 1533 1876 Sed

352 1915 454 1980 etiam
483 1914 667 2006 recentiore
697 1917 842 1993 tempore
872 1931 1002 1994 semper
1030 1913 1169 1997 vigebat
1198 1914 1308 1996 opinio
1338 1915 1415 1980 deos
1445 1913 1533 1995 ipsos

352 2017 520 2098 loquentia
549 2018 687 2081 reddere
716 2021 802 2081 6116.
851 2015 924 2098 Qua
954 2018 995 2082 16
1026 2035 1126 2082 66166
1154 2035 1191 2082 66
1221 2017 1355 2083 facilius
1385 2020 1534 2082 extorum

353 2119 449 2201 signa
471 2124 596 2200 postea,
622 2123 660 2183 ut
691 2137 792 2200 supra
821 2140 851 2201 p.
874 2120 916 2184 56
939 2119 1154 2201 exposuimus,
1184 2119 1219 2183 in
1244 2119 1434 2200 ampliorem
1458 2118 1534 2184 1611-

354 2239 489 2302 quorum
518 2219 741 2301 prodigiorum
761 2241 782 2286 a
805 2221 875 2287 1616
905 2221 1075 2286 missorum
1101 2221 1217 2286 seriem
1243 2221 1478 2287 inserebantur
1500 2226 1534 2286 61

352 2324 572 2390 habebantur.
586 2342 647 2409 pro
677 2323 826 2389 61661116.
870 2322 941 2407 Quo
971 2343 1043 2388 oum
1072 2322 1177 2404 recipi
1207 2322 1383 2404 extispicia
1416 2328 1534 2404 coepta

353 2432 472 2509 esseut,
493 2424 565 2492 fieri
588 2444 651 2490 non
674 2425 790 2510 potuit,
814 2426 893 2506 quin
915 2425 1116 2491 oraculorum
1138 2425 1268 2508 legibus
1285 2425 1390 2506 magis
1414 2425 1533 2507 magis-

353 2548 416 2610 que
432 2548 467 2595 se
480 2531 739 2595 accommodaret
750 2533 898 2595 extorum
916 2528 1003 2594 16116
1019 2529 1225 2611 observandi,
1241 2527 1437 2609 praesertim
1457 2547 1533 2612 cum

352 2631 452 2698 iidem
486 2632 678 2714 haruspices
712 2637 747 2696 et
778 2633 907 2712 reliqua
941 2631 1093 2713 prodigia
1124 2636 1159 2696 61
1190 2635 1267 2696 6116
1294 2629 1530 2711 16616611114)

352 2736 465 2815 Atque
489 2753 598 2817 6166,
628 2736 714 2814 quod
736 2735 796 2799 1166
818 2753 936 2800 161616
959 2734 1009 2798 116
1032 2733 1161 2817 6661111,
1189 2733 1297 2816 fluxit,
1321 2733 1350 2799 si
1372 2739 1462 2798 reete
1484 2733 1533 2796 iu·

355 2838 509 2919 dicamus,
540 2837 698 2902 dissensio
728 2838 888 2916 quaedam
918 2836 1008 2901 iuter
1030 2835 1231 2902 Graecorum
1261 2842 1295 2901 et
1318 2836 1533 2902 Etruscorum

353 2957 447 3004 usum
468 2939 534 3003 iam
564 2957 665 3019 supra
686 2957 716 3019 p.
739 2939 780 3002 32
804 2943 1061 3004 commemorata.
1106 2939 1153 3004 Ut
1175 2939 1210 3004 in
1232 2938 1373 3004 oraculis
1397 2937 1533 3004 Graecis

354 3040 408 3106 dei
434 3039 499 3120 ipsi
520 3039 630 3106 verbis
653 3039 767 3105 111116
788 3041 1075 3125 praenuntiabant,
1105 3042 1154 3107 616
1185 3041 1284 3107 etiam
1307 3041 1341 3105 in
1365 3041 1452 3106 extis
1474 3059 1534 3121 per

354 3141 496 3226 effigiem
511 3161 699 3222 expressam
716 3144 934 3208 ostendebant
949 3163 1042 3209 suam
1057 3143 1301 3228 voluntateml)
1329 3143 1417 3226 Quin
1433 3142 1533 3208 etiam

442 3347 462 3417 1)
482 3347 521 3402 Cf.
542 3346 643 3402 Lucani
662 3346 784 3402 161166.
804 3347 822 3401 1.

440 3432 461 3503 2)
478 3434 577 3488 Festus
595 3450 621 3501 p.
640 3432 691 3485 157
709 3438 738 3486 et
755 3431 806 3486 289
824 3433 851 3486 Μ
877 3449 898 3486 s.
917 3449 942 3486 1.
967 3430 1079 3484 adiutor
1103 3437 1147 3500 61,Ι
1155 3429 1259 3499 repulia
1277 3432 1354 3497 eorta3
1381 3429 1443 3484 Tac.
1468 3430 1532 3484 hist.

354 3519 427 3587 121,
446 3519 534 3572 1178.
1111 3539 1113 3544 ⁸

440 3603 542 3671 3)8611.
561 3603 623 3658 bell.
642 3605 704 3672 Iug.
723 3603 817 3656 LXIII
835 3603 864 3669 13
883 3603 955 3670 Aug.
974 3602 1007 3655 de
1025 3602 1076 3655 civ.
1095 3600 1139 3654 dei
1157 3601 1185 3654 H
1203 3600 1250 3668 243
1278 3600 1341 3654 Tac.
1360 3600 1424 3654 hist.
1444 3601 1532 3653 1178.

332 3683 337 3691 ’
440 3688 461 3756 4)
479 3689 550 3742 Vide
567 3705 649 3756 snpra
667 3705 692 3756 p.
711 3688 752 3754 57,
771 3688 862 3742 adnot.
881 3688 904 3742 1.

440 3773 461 3842 5)
480 3773 554 3840 Quae
572 3773 653 3842 signa
670 3773 844 3827 Deeokius
863 3773 881 3826 1.
899 3772 916 3825 l.
936 3789 961 3840 p.
975 3772 1007 3825 71
1020 3787 1092 3838 seqq.
1128 3769 1252 3824 Etruscis
1271 3785 1377 3836 quoque
1395 3769 1533 3824 vindicata

353 3858 381 3912 in
401 3858 524 3926 singulas
541 3857 637 3912 iecoris
660 3863 753 3926 partes
771 3857 933 3912 distribuere
959 3860 1071 3910 conatus
1096 3860 1145 3910 est.
1181 3855 1349 3909 Confitemur
1373 3855 1422 3908 hoc
1446 3855 1532 3908 adhuc

354 3944 422 3999 66116
440 3943 552 3997 dubium
567 3943 654 3997 116111
669 3959 734 3998 esse.
769 3944 838 3997 Nam
850 3942 930 4010 plane
943 3941 1086 4006 nescimus,
1105 3947 1237 4008 quantum
1250 3941 1279 3994 in
1291 3941 1378 3994 iecore
1391 3940 1438 3994 illo
1450 3955 1532 3994 aeneo

354 4035 383 4084 et
400 4030 520 4084 Graecus
538 4033 567 4082 et
584 4029 717 4082 Etruscus
735 4029 805 4083 ritus
823 4044 870 4096 pro
889 4043 939 4081 sua
956 4027 1071 4095 quisque
1088 4033 1167 4094 parte
1184 4026 1321 4081 tribuerit.
1363 4026 1418 4079 Nec
1443 4024 1532 4079 minus

353 4116 486 4170 incertam
513 4129 570 4168 6666
594 4129 732 4168 censemus
756 4114 928 4183 singularum
954 4129 1043 4167 rerum
1061 4112 1314 4180 interpretationem
1341 4128 1358 4164 a
1381 4111 1532 4165 Deeckio

353 4217 401 4268 per
418 4198 601 4268 mythologice
618 4199 774 4253 1661611.-
795 4200 836 4253 De
853 4199 918 4252 felle
935 4197 1125 4253 Deeckium
1142 4197 1216 4251 haud
1234 4195 1460 4270 rectewiudicasse
1477 4194 1532 4248 iam

354 4284 573 4353 supradiximus
596 4300 621 4352 p.
640 4284 783 4338 29611161.
802 4284 826 4338 2.
868 4284 998 4338 Similiter
1021 4298 1070 4336 nos
1088 4282 1196 4348 quidem
1220 4269 1341 4336 iudicare
1359 4279 1481 4348 cogimur
1499 4281 1532 4334 de

354 4370 443 4440 cupite
452 4386 514 4423 cam
525 4371 637 4438 omento,
651 4369 720 4436 quod
733 4369 842 4423 remotis
852 4369 1018 4437 temporibus
1027 4368 1104 4422 nulla
1113 4367 1167 4422 alia
1179 4367 1213 4421 de
1225 4383 1315 4435 causa,
1328 4365 1375 4420 ubi
1386 4364 1533 4434 insigniter
